@article{OptimalNetwork69,
                title = "The optimal network problem: Some computational procedures",
                journal = "Transportation Research",
                volume = "3",
                number = "2",
                pages = "201 - 210",
                year = "1969",
                mendeley-tags={tree},
                issn = "0041-1647",
                doi = "http://dx.doi.org/10.1016/0041-1647(69)90152-X",
                url = "http://www.sciencedirect.com/science/article/pii/004116476990152X",
                author = "Allen J. Scott",
}
@article {networkDesignSurvey89,
                author = {Minoux, M.},
                title = {Networks synthesis and optimum network design problems: Models, solution methods and applications},
                journal = {Networks},
                volume = {19},
                number = {3},
                mendeley-tags={survey},
                publisher = {Wiley Subscription Services, Inc., A Wiley Company},
                issn = {1097-0037},
                url = {http://dx.doi.org/10.1002/net.3230190305},
                doi = {10.1002/net.3230190305},
                pages = {313--360},
                year = {1989},
}
@article{optimApproxNP80,
                author = {Richard T. Wong},
                title = {Worst-Case Analysis of Network Design Problem Heuristics},
                journal = {SIAM Journal on Algebraic Discrete Methods},
                volume = {1},
                number = {1},
                pages = {51-63},
                year = {1980},
                doi = {10.1137/0601008},
}
@article{Requirements74,
                author = {T. C. Hu},
                title = {Optimum Communication Spanning Trees},
                journal = {SIAM Journal on Computing},
                volume = {3},
                number = {3},
                pages = {188-195},
                year = {1974},
                doi = {10.1137/0203015},
}
@article{electricalNetworks60,
                author={U. G. W. Knight},
                journal={Electrical Engineers, Journal of the Institution of},
                title={Logical design of electrical networks},
                year={1960},
                volume={6},
                number={64},
                pages={228-230},
                keywords={distribution networks;substations},
                doi={10.1049/jiee-3.1960.0122},
                month={April},}
@article {RoadNetworks60,
                author = {Quandt, Richard E.},
                title = {Models of Transportation and Optimal Network Construction},
                journal = {Journal of Regional Science},
                volume = {2},
                number = {1},
                publisher = {Blackwell Publishing Ltd},
                issn = {1467-9787},
                url = {http://dx.doi.org/10.1111/j.1467-9787.1960.tb00833.x},
                doi = {10.1111/j.1467-9787.1960.tb00833.x},
                pages = {27--45},
                year = {1960},
}

@inproceedings{lognMetricBoundConf03,
                author = {Fakcharoenphol, Jittat and Rao, Satish and Talwar, Kunal},
                title = {A Tight Bound on Approximating Arbitrary Metrics by Tree Metrics},
                booktitle = {Proceedings of the Thirty-fifth Annual ACM Symposium on Theory of Computing},
                series = {STOC '03},
                year = {2003},
                isbn = {1-58113-674-9},
                location = {San Diego, CA, USA},
                pages = {448--455},
                numpages = {8},
                url = {http://doi.acm.org/10.1145/780542.780608},
                doi = {10.1145/780542.780608},
                keywords = {embeddings, metrics, tree metrics},
}
@article{lognMetricBoundJour04,
                author = {Fakcharoenphol, Jittat and Rao, Satish and Talwar, Kunal},
                title = {A Tight Bound on Approximating Arbitrary Metrics by Tree Metrics},
                journal = "Journal of Computer and System Sciences",
                volume = "69",
                number = "3",
                pages = "485 - 497",
                year = "2004",
                note = "Special Issue on STOC 2003",
                issn = "0022-0000",
                doi = "10.1016/j.jcss.2004.04.011",
                url = "http://www.sciencedirect.com/science/article/pii/S0022000004000637",
}
