@book{biggs1976graph,
  title     = {Graph Theory, 1736-1936},
  author    = {Biggs, Norman and Lloyd, E Keith and Wilson, Robin J},
  year      = {1986},
  isbn      = {9780198539162},
  month     = 12,
  pagetotal = {252},
  publisher = {Oxford University Press}
}
@book{SSL06,
  doi       = {10.7551/mitpress/9780262033589.001.0001},
  year      = {2006},
  month     = 9,
  isbn      = {978-0-262-03358-9},
  pagetotal = 528,
  publisher = {The {MIT} Press},
  author    = {Olivier Chapelle and Bernhard Scholkopf and Alexander Zien},
  title     = {Semi-Supervised Learning}
}
@book{IntroSSL09,
  author    = {Zhu, Xiaojin and Goldberg, Andrew B.},
  title     = {Introduction to Semi-Supervised Learning},
  year      = {2009},
  isbn      = {9781598295474},
  doi       = {10.2200/S00196ED1V01Y200906AIM006},
  pagetotal = 130,
  publisher = {Morgan and Claypool Publishers},
}
@article{graphSSL14,
  author  = {Amarnag Subramanya  and   Partha Pratim Talukdar},
  title   = {Graph-Based Semi-Supervised Learning},
  journal = {Synthesis Lectures on Artificial Intelligence and Machine Learning},
  volume  = {8},
  number  = {4},
  pages   = {1-125},
  year    = {2014},
  doi     = {10.2200/S00590ED1V01Y201408AIM029},
}
@Inbook{nodeClassif11,
  author    = "Bhagat, Smriti and Cormode, Graham and Muthukrishnan, S.",
  editor    = "Aggarwal, Charu C.",
  title     = "Node Classification in Social Networks",
  bookTitle = "Social Network Data Analytics",
  year      = "2011",
  publisher = "Springer US",
  pages     = "115--148",
  isbn      = "978-1-4419-8462-3",
  doi       = "10.1007/978-1-4419-8462-3_5",
}
@article{networkEvolution14,
  author     = {Aggarwal, Charu and Subbian, Karthik},
  title      = {Evolutionary Network Analysis: A Survey},
  journal    = {ACM Computer Survey},
  issue_date = {July 2014},
  volume     = {47},
  number     = {1},
  month      = 5,
  year       = {2014},
  issn       = {0360-0300},
  pages      = {10:1--10:36},
  articleno  = {10},
  numpages   = {36},
  doi        = {10.1145/2601412},
  acmid      = {2601412},
  publisher  = {ACM},
  address    = {New York, NY, USA},
  keywords   = {Network analysis, dynamic graphs, temporal graphs},
}
@article{infmax13,
  author    = {Wei Chen and  Laks V.S. Lakshmanan and  Carlos Castillo},
  title     = {Information and Influence Propagation in Social Networks},
  journal   = {Synthesis Lectures on Data Management},
  volume    = {5},
  number    = {4},
  pagetotal = 177,
  year      = {2013},
  doi       = {10.2200/S00527ED1V01Y201308DTM037},
}
@article{infmaxKempe15,
  author  = {Kempe, David and Kleinberg, Jon and Tardos, \'{E}va},
  title   = {Maximizing the Spread of Influence through a Social Network},
  year    = {2015},
  pages   = {105--147},
  doi     = {10.4086/toc.2015.v011a004},
  journal = {Theory of Computing},
  volume  = {11},
  number  = {4},
  URL     = {http://www.theoryofcomputing.org/articles/v011a004},
}
@article{mergingNetworks16,
  author    = { Liqiang Nie  and  Xuemeng Song  and  Tat-Seng Chua },
  title     = {Learning from Multiple Social Networks},
  journal   = {Synthesis Lectures on Information Concepts, Retrieval, and Services},
  volume    = {8},
  number    = {2},
  pagetotal = {118},
  year      = {2016},
  doi       = {10.2200/S00714ED1V01Y201603ICR048},
}
@book{rogers2003diffusion,
  title     = {Diffusion of Innovations},
  author    = {Rogers, Everett .M.},
  year      = {2003},
  pagetotal = 576,
  edition   = {5th edition},
  isbn      = {9780743258234},
  publisher = {Free Press}
}
@incollection{balancedNews17,
  title         = {Balancing Information Exposure in Social Networks},
  author        = {Kiran Garimella and Aristides Gionis and Nikos Parotsidis and Nikolaj Tatti},
  booktitle     = {Advances in Neural Information Processing Systems 30},
  year          = {2017},
  publisher     = {Curran Associates, Inc.},
  Eprint        = {arXiv:1709.01491},
  arxivId       = {1709.01491},
  archivePrefix = {arXiv},
}
@article{homophilyMyspace09,
  author    = {Thelwall, Mike},
  title     = {Homophily in MySpace},
  journal   = {Journal of the American Society for Information Science and Technology},
  volume    = {60},
  number    = {2},
  publisher = {Wiley Subscription Services, Inc., A Wiley Company},
  issn      = {1532-2890},
  url       = {http://dx.doi.org/10.1002/asi.20978},
  doi       = {10.1002/asi.20978},
  pages     = {219--231},
  year      = {2009},
}
@inproceedings{Tinder16,
  author    = {G. Tyson and V. C. Perta and H. Haddadi and M. C. Seto},
  booktitle = {IEEE/ACM International Conference on Advances in Social Networks Analysis and Mining (ASONAM)},
  title     = {A first look at user activity on tinder},
  year      = {2016},
  pages     = {461-466},
  doi       = {10.1109/ASONAM.2016.7752275},
  month     = 8,
}
@article{multiSurvey14,
  title   = "The structure and dynamics of multilayer networks",
  journal = "Physics Reports",
  volume  = "544",
  number  = "1",
  pages   = "1 - 122",
  year    = "2014",
  issn    = "0370-1573",
  doi     = "10.1016/j.physrep.2014.07.001",
  url     = "http://www.sciencedirect.com/science/article/pii/S0370157314002105",
  author  = "S. Boccaletti and G. Bianconi and R. Criado and C.I. del Genio and J. Gómez-Gardeñes and M. Romance and I. Sendiña-Nadal and Z. Wang and M. Zanin"
}
@article{ComplexNetworksApp11,
  author    = {Luciano da Fontoura Costa and Osvaldo N. Oliveira Jr. and Gonzalo Travieso and Francisco Aparecido Rodrigues and Paulino Ribeiro Villas Boas and Lucas Antiqueira and Matheus Palhares Viana and Luis Enrique Correa Rocha},
  title     = {Analyzing and modeling real-world phenomena with complex networks: a survey of applications},
  journal   = {Advances in Physics},
  volume    = {60},
  number    = {3},
  pages     = {329-412},
  year      = {2011},
  publisher = {Taylor \& Francis},
  doi       = {10.1080/00018732.2011.572452},
}
@article{RecoFlickrMulti11,
  author  = {P. Kazienko and K. Musial and T. Kajdanowicz},
  journal = {IEEE Transactions on Systems, Man, and Cybernetics - Part A: Systems and Humans},
  title   = {Multidimensional Social Network in the Social Recommender System},
  year    = {2011},
  volume  = {41},
  number  = {4},
  pages   = {746-759},
  doi     = {10.1109/TSMCA.2011.2132707},
  ISSN    = {1083-4427},
  month   = 7,
}
@Inbook{communityDBLPbyConf05,
  author    = "Cai, Deng and Shao, Zheng and He, Xiaofei and Yan, Xifeng and Han, Jiawei",
  editor    = "Jorge, Al{\'i}pio M{\'a}rio and Torgo, Lu{\'i}s and Brazdil, Pavel and Camacho, Rui and Gama, Jo{\~a}o",
  title     = "Community Mining from Multi-relational Networks",
  bookTitle = "Proceedings of the 9th European Conference on Principles and Practice of Knowledge Discovery in Databases",
  location  = {Porto, Portugal},
  series    = {PKDD' 05},
  eventdate = {2005-10-03/2005-10-07},
  year      = "2005",
  publisher = "Springer Berlin Heidelberg",
  pages     = "445--452",
  isbn      = "978-3-540-31665-7",
  doi       = "10.1007/11564126_44",
}
@article{ports3kindofships10,
  author    = {Kaluza, Pablo and K{\"o}lzsch, Andrea and Gastner, Michael T. and Blasius, Bernd},
  title     = {The complex network of global cargo ship movements},
  volume    = {7},
  number    = {48},
  pages     = {1093--1103},
  year      = {2010},
  doi       = {10.1098/rsif.2009.0495},
  publisher = {The Royal Society},
  issn      = {1742-5689},
  URL       = {http://rsif.royalsocietypublishing.org/content/7/48/1093},
  eprint    = {http://rsif.royalsocietypublishing.org/content/7/48/1093.full.pdf},
  journal   = {Journal of The Royal Society Interface}
}
@article{worldTradeNetwork10,
  title     = {Multinetwork of international trade: A commodity-specific analysis},
  author    = {Barigozzi, Matteo and Fagiolo, Giorgio and Garlaschelli, Diego},
  journal   = {Physical Review E},
  volume    = {81},
  issue     = {4},
  pages     = {046104},
  numpages  = {23},
  year      = {2010},
  month     = 4,
  publisher = {American Physical Society},
  doi       = {10.1103/PhysRevE.81.046104},
  url       = {https://link.aps.org/doi/10.1103/PhysRevE.81.046104}
}
@article{bioLayerExp11,
  author    = {Li, Wenyuan AND Liu, Chun-Chi AND Zhang, Tong AND Li, Haifeng AND Waterman, Michael S. AND Zhou, Xianghong Jasmine},
  journal   = {PLOS Computational Biology},
  publisher = {Public Library of Science},
  title     = {Integrative Analysis of Many Weighted Co-Expression Networks Using Tensor Computation},
  year      = {2011},
  month     = 6,
  volume    = {7},
  url       = {https://doi.org/10.1371/journal.pcbi.1001106},
  pages     = {1-13},
  number    = {6},
  doi       = {10.1371/journal.pcbi.1001106}
}
@inbook{articlesMultiSim11,
  author    = {Daniel M. Dunlavy and Tamara G. Kolda and W. Philip Kegelmeyer},
  title     = {Multilinear Algebra for Analyzing Data with Multiple Linkages},
  booktitle = {Graph Algorithms in the Language of Linear Algebra},
  chapter   = 7,
  year      = 2011,
  pages     = {85-114},
  doi       = {10.1137/1.9780898719918.ch7},
  URL       = {http://epubs.siam.org/doi/abs/10.1137/1.9780898719918.ch7},
  eprint    = {http://www.cs.sandia.gov/~dmdunla/publications/DuKoKe10.pdf}
}
@inbook{ahmed2017roles,
  author     = "Ahmed, Nesreen K.  and Rossi, Ryan A.  and Willke, Theodore L.  and Zhou, Rong",
  editor     = "Kim, Jinho and Shim, Kyuseok and Cao, Longbing and Lee, Jae-Gil and Lin, Xuemin and Moon, Yang-Sae",
  title      = "Edge Role Discovery via Higher-Order Structures",
  eventdate  = {2017-05-23/2017-05-26},
  location   = {Jeju, South Korea},
  bookTitle  = "21st Pacific-Asia Conference on Advances in Knowledge Discovery and Data Mining",
  series     = {PAKDD 2017},
  year       = "2017",
  publisher  = "Springer International Publishing",
  address    = "Cham",
  pages      = "291--303",
  isbn       = "978-3-319-57454-7",
  doi        = "10.1007/978-3-319-57454-7_23",
  annotation = {compared with, creating deep layers of feature seem to lose interpretability, and
               they don't really use node profiles: but it's super fast and their MDL approach is
               nice.},
  eprint     = {http://ryanrossi.com/pubs/ahmed-et-al-pakdd17-preprint.pdf},
  url        = "https://doi.org/10.1007/978-3-319-57454-7_23"
}
@article{AttributedCommunity16,
  author     = {Fang, Yixiang and Cheng, Reynold and Luo, Siqiang and Hu, Jiafeng},
  title      = {Effective Community Search for Large Attributed Graphs},
  journal    = {Proc. VLDB Endow.},
  issue_date = {August 2016},
  volume     = {9},
  number     = {12},
  month      = 8,
  year       = {2016},
  issn       = {2150-8097},
  pages      = {1233--1244},
  numpages   = {12},
  url        = {http://dx.doi.org/10.14778/2994509.2994538},
  doi        = {10.14778/2994509.2994538},
  acmid      = {2994538},
  publisher  = {VLDB Endowment},
}
@inproceedings{conceptualLinks12,
  author    = {Erick Stattner and Martine Collard},
  booktitle = {2012 IEEE/ACM International Conference on Advances in Social Networks Analysis and Mining},
  title     = {Social-Based Conceptual Links: Conceptual Analysis Applied to Social Networks},
  year      = {2012},
  pages     = {25-29},
  doi       = {10.1109/ASONAM.2012.15},
  month     = 8,
}
@article{clusterBio03,
  author  = {Spirin, Victor and Mirny, Leonid A.},
  title   = {Protein complexes and functional modules in molecular networks},
  volume  = {100},
  number  = {21},
  pages   = {12123-12128},
  year    = {2003},
  doi     = {10.1073/pnas.2032324100},
  URL     = {http://www.pnas.org/content/100/21/12123.abstract},
  eprint  = {http://www.pnas.org/content/100/21/12123.full.pdf},
  journal = {Proceedings of the National Academy of Sciences}
}
@article{clusterScience08,
  author  = {Rosvall, Martin and Bergstrom, Carl T.},
  title   = {Maps of random walks on complex networks reveal community structure},
  volume  = {105},
  number  = {4},
  pages   = {1118-1123},
  year    = {2008},
  doi     = {10.1073/pnas.0706851105},
  URL     = {http://www.pnas.org/content/105/4/1118.abstract},
  eprint  = {http://www.pnas.org/content/105/4/1118.full.pdf},
  journal = {Proceedings of the National Academy of Sciences}
}
@Inbook{sslText09,
  author     = "Talukdar, Partha Pratim and Crammer, Koby",
  editor     = "Buntine, Wray and Grobelnik, Marko and Mladeni{\'{c}}, Dunja and Shawe-Taylor, John",
  title      = "New Regularized Algorithms for Transductive Learning",
  bookTitle  = "Proceedings of the European Conference on Machine Learning and Knowledge Discovery in Databases",
  year       = "2009",
  annotation = "Bled, Slovenia, September 7-11",
  publisher  = "Springer Berlin Heidelberg",
  address    = "Berlin, Heidelberg",
  pages      = "442--457",
  isbn       = "978-3-642-04174-7",
  doi        = "10.1007/978-3-642-04174-7_29",
}
@inproceedings{sslKB13,
  author    = {Wijaya, Derry and Talukdar, Partha Pratim and Mitchell, Tom},
  title     = {PIDGIN: Ontology Alignment Using Web Text As Interlingua},
  booktitle = {Proceedings of the 22Nd ACM International Conference on Information \& Knowledge Management},
  series    = {CIKM '13},
  year      = {2013},
  isbn      = {978-1-4503-2263-8},
  location  = {San Francisco, California, USA},
  pages     = {589--598},
  numpages  = {10},
  url       = {http://doi.acm.org/10.1145/2505515.2505559},
  doi       = {10.1145/2505515.2505559},
  acmid     = {2505559},
  address   = {New York, NY, USA},
}
@inproceedings{LINE15,
  author    = {Tang, Jian and Qu, Meng and Wang, Mingzhe and Zhang, Ming and Yan, Jun and Mei, Qiaozhu},
  title     = {LINE: Large-scale Information Network Embedding},
  booktitle = {Proceedings of the 24th International Conference on World Wide Web},
  series    = {WWW '15},
  year      = {2015},
  isbn      = {978-1-4503-3469-3},
  location  = {Florence, Italy},
  pages     = {1067--1077},
  numpages  = {11},
  url       = {https://doi.org/10.1145/2736277.2741093},
  doi       = {10.1145/2736277.2741093},
  acmid     = {2741093},
  publisher = {International World Wide Web Conferences Steering Committee},
} 
@incollection{inductiveRepresentation17,
  Author        = {William L. Hamilton and Rex Ying and Jure Leskovec},
  Title         = {Inductive Representation Learning on Large Graphs},
  booktitle     = {Advances in Neural Information Processing Systems 30},
  year          = {2017},
  publisher     = {Curran Associates, Inc.},
  Eprint        = {arXiv:1706.02216},
  arxivId       = {1706.02216},
  archivePrefix = {arXiv},
}
@article{linkPredBio06,
  author    = {Qi, Yanjun and Bar-Joseph, Ziv and Klein-Seetharaman, Judith},
  title     = {Evaluation of different biological data and computational classification methods for use in protein interaction prediction},
  journal   = {Proteins: Structure, Function, and Bioinformatics},
  volume    = {63},
  number    = {3},
  publisher = {Wiley Subscription Services, Inc.},
  issn      = {1097-0134},
  url       = {http://dx.doi.org/10.1002/prot.20865},
  doi       = {10.1002/prot.20865},
  pages     = {490--500},
  year      = {2006},
}
@Article{linkPredCrime08,
  author    = {Clauset, Aaron and Moore, Cristopher and Newman, M. E. J.},
  title     = {Hierarchical structure and the prediction of missing links in networks},
  journal   = {Nature},
  year      = {2008},
  month     = 5,
  day       = 1,
  publisher = {Nature Publishing Group},
  volume    = {453},
  number    = {7191},
  pages     = {98-101},
  issn      = {0028-0836},
  doi       = {10.1038/nature06830},
  url       = {https://www.ncbi.nlm.nih.gov/pubmed/18451861/abstract}
}
@inbook{influenceBio13,
  author    = {B. Aditya Prakash and Lada Adamic and Theodore Iwashyna and Hanghang Tong and Christos Faloutsos},
  title     = {Fractional Immunization in Networks},
  booktitle = {Proceedings of the 2013 SIAM International Conference on Data Mining},
  pages     = {659-667},
  year      = 2013,
  doi       = {10.1137/1.9781611972832.73},
}
@Inbook{evolBio10,
  author    = "Beyer, Antje and Thomason, Peter and Li, Xinzhong and Scott, James and Fisher, Jasmin",
  editor    = "Priami, Corrado and Breitling, Rainer and Gilbert, David and Heiner, Monika and Uhrmacher, Adelinde M.",
  title     = "Mechanistic Insights into Metabolic Disturbance during Type-2 Diabetes and Obesity Using Qualitative Networks",
  bookTitle = "Transactions on Computational Systems Biology XII: Special Issue on Modeling Methodologies",
  year      = "2010",
  publisher = "Springer Berlin Heidelberg",
  address   = "Berlin, Heidelberg",
  pages     = "146--162",
  isbn      = "978-3-642-11712-1",
  doi       = "10.1007/978-3-642-11712-1_4",
  url       = "https://doi.org/10.1007/978-3-642-11712-1_4"
}
@inproceedings{evolSecurity04,
  author    = {Idé, Tsuyoshi and Kashima, Hisashi},
  title     = {Eigenspace-based Anomaly Detection in Computer Systems},
  booktitle = {Proceedings of the Tenth ACM SIGKDD International Conference on Knowledge Discovery and Data Mining},
  series    = {KDD '04},
  year      = {2004},
  isbn      = {1-58113-888-1},
  location  = {Seattle, WA, USA},
  pages     = {440--449},
  numpages  = {10},
  url       = {http://doi.acm.org/10.1145/1014052.1014102},
  doi       = {10.1145/1014052.1014102},
  acmid     = {1014102},
  address   = {New York, NY, USA},
}
