@Inproceedings{nearlyTight08,
  Author    = {Abraham, I. and Bartal, Y. and Neiman, O.},
  Booktitle = {49th Annual IEEE Symposium on Foundations of Computer Science},
  Date      = {2008-10},
  Doi       = {10.1109/FOCS.2008.62},
  Issn      = {0272-5428},
  Pages     = {781--790},
  Title     = {Nearly Tight Low Stretch Spanning Trees},
}

@Inproceedings{constantDistortion07,
  Author    = {Abraham, Ittai and Bartal, Yair and Neiman, Ofer},
  Location  = {New Orleans, Louisiana},
  Publisher = {Society for Industrial and Applied Mathematics},
  Url       = {http://dl.acm.org/citation.cfm?id=1283383.1283437},
  Booktitle = {Proceedings of the Eighteenth Annual ACM-SIAM Symposium on Discrete Algorithms},
  Date      = {2007},
  Isbn      = {978-0-89871-624-5},
  Pages     = {502--511},
  Series    = {SODA '07},
  Title     = {Embedding Metrics into Ultrametrics and Graphs into Spanning Trees with Constant Average Distortion},
}

@Inproceedings{Abraham2012,
  Author     = {Abraham, Ittai and Neiman, Ofer},
  Location   = {New York, New York, USA},
  Publisher  = {ACM Press},
  Url        = {http://dl.acm.org/citation.cfm?id=2213977.2214015 http://research.microsoft.com/pubs/163400/spanning-full1.pdf},
  Annotation = {best bound so far},
  Booktitle  = {Proceedings of the 44th symposium on Theory of Computing - STOC '12},
  Date       = {2012-05},
  Doi        = {10.1145/2213977.2214015},
  File       = {:home/orphee/data/projects/magnet/papers/tree/spanning-full1.pdf:pdf},
  Isbn       = {978-1-4503-1245-5},
  Pages      = {395},
  Title      = {{Using petal-decompositions to build a low stretch spanning tree}},
}

@Article{Abraham2012a,
  Author       = {Abraham, Ittai and Chechik, Shiri and Kempe, David and Slivkins, Aleksandrs},
  Url          = {http://arxiv.org/abs/1202.0922 http://epubs.siam.org/doi/10.1137/130949191},
  Annotation   = {extended version of a SODA'13 paper},
  Date         = {2015-01},
  Doi          = {10.1137/130949191},
  Eprint       = {1202.0922},
  Eprinttype   = {arXiv},
  Issn         = {0097-5397},
  Journaltitle = {SIAM Journal on Computing},
  Number       = {3},
  Pages        = {617--668},
  Title        = {{Low-Distortion Inference of Latent Similarities from a Multiplex Social Network}},
  Volume       = {44},
}

@Misc{RamseyTree17,
  Author     = {Abraham, Ittai and Chechik, Shiri and Elkin, Michael and Filtser, Arnold and Neiman, Ofer},
  Date       = {2017},
  Eprint     = {arXiv:1707.08769},
  Eprinttype = {arXiv},
  Title      = {Ramsey Spanning Trees and their Applications},
}

@Article{Abu-Khzam2015,
  Author       = {Abu-Khzam, Faisal N.},
  Url          = {http://arxiv.org/abs/1511.09360 http://linkinghub.elsevier.com/retrieve/pii/S1570866717300473},
  Date         = {2017-07},
  Doi          = {10.1016/j.jda.2017.07.003},
  Eprint       = {1511.09360},
  Eprinttype   = {arXiv},
  Issn         = {15708667},
  Journaltitle = {Journal of Discrete Algorithms},
  Title        = {{On the complexity of multi-parameterized cluster editing}},
}

@Inproceedings{min2CNF05,
  Author    = {Agarwal, Amit and Charikar, Moses and Makarychev, Konstantin and Makarychev, Yury},
  Url       = {http://doi.acm.org/10.1145/1060590.1060675},
  Booktitle = {Proceedings of the Thirty-seventh Annual ACM Symposium on Theory of Computing},
  Date      = {2005},
  Doi       = {10.1145/1060590.1060675},
  Isbn      = {978-1-58113-960-0},
  Pages     = {573--581},
  Series    = {STOC '05},
  Title     = {{O(sqrt log n) Approximation Algorithms for Min UnCut, Min 2CNF Deletion, and Directed Cut Problems}},
}

@Article{networkEvolution14,
  Author       = {Aggarwal, Charu and Subbian, Karthik},
  Location     = {New York, NY, USA},
  Publisher    = {ACM},
  Date         = {2014-05},
  Doi          = {10.1145/2601412},
  Issn         = {0360-0300},
  Journaltitle = {ACM Computer Survey},
  Number       = {1},
  Pages        = {10:1--10:36},
  Title        = {Evolutionary Network Analysis: A Survey},
  Volume       = {47},
}

@Inproceedings{Aggarwal2016a,
  Author     = {Aggarwal, Charu and He, Gewen and Zhao, Peixiang},
  Publisher  = {IEEE},
  Url        = {http://ieeexplore.ieee.org/document/7498311/},
  Annotation = {semi-supervised learning on the edge, without feature on the nodes. Therefore it's quite far from us, but in the intro they have nice motivation},
  Booktitle  = {2016 IEEE 32nd International Conference on Data Engineering (ICDE)},
  Date       = {2016-05},
  Doi        = {10.1109/ICDE.2016.7498311},
  Isbn       = {978-1-5090-2020-1},
  Pages      = {1038--1049},
  Title      = {{Edge classification in networks}},
}

@Inbook{ahmed2017roles,
  Author     = {Ahmed, Nesreen K. and Rossi, Ryan A. and Willke, Theodore L. and Zhou, Rong},
  Editor     = {Kim, Jinho and Shim, Kyuseok and Cao, Longbing and Lee, Jae-Gil and Lin, Xuemin and Moon, Yang-Sae},
  Location   = {Jeju, South Korea},
  Publisher  = {Springer International Publishing},
  Url        = {https://doi.org/10.1007/978-3-319-57454-7_23},
  Annotation = {compared with, creating deep layers of feature seem to lose interpretability, and they don't really use node profiles: but it's super fast and their MDL approach is nice.},
  Booktitle  = {21st Pacific-Asia Conference on Advances in Knowledge Discovery and Data Mining},
  Date       = {2017},
  Doi        = {10.1007/978-3-319-57454-7_23},
  Eprint     = {http://ryanrossi.com/pubs/ahmed-et-al-pakdd17-preprint.pdf},
  Eventdate  = {2017-05-23/2017-05-26},
  Isbn       = {978-3-319-57454-7},
  Pages      = {291--303},
  Series     = {PAKDD 2017},
  Title      = {Edge Role Discovery via Higher-Order Structures},
}

@Inproceedings{graphSketch12,
  Author    = {Ahn, Kook Jin and Guha, Sudipto and McGregor, Andrew},
  Location  = {Scottsdale, Arizona, USA},
  Url       = {http://doi.acm.org/10.1145/2213556.2213560},
  Booktitle = {Proceedings of the 31st ACM SIGMOD-SIGACT-SIGAI Symposium on Principles of Database Systems},
  Date      = {2012},
  Doi       = {10.1145/2213556.2213560},
  Isbn      = {978-1-4503-1248-6},
  Pages     = {5--14},
  Series    = {PODS '12},
  Title     = {Graph Sketches: Sparsification, Spanners, and Subgraphs},
}

@Inproceedings{Ahn2015,
  Author    = {Ahn, KookJin and Cormode, Graham and Guha, Sudipto and McGregor, Andrew and Wirth, Anthony},
  Url       = {http://jmlr.org/proceedings/papers/v37/ahn15.html},
  Booktitle = {Proceedings of The 32nd International Conference on Machine Learning},
  Date      = {2015},
  Pages     = {2237--2246},
  Title     = {{Correlation Clustering in Data Streams}},
}

@Inproceedings{CCPivotConf05,
  Author    = {Ailon, Nir and Charikar, Moses and Newman, Alantha},
  Url       = {http://doi.acm.org/10.1145/1060590.1060692},
  Booktitle = {Proceedings of the Thirty-seventh Annual ACM Symposium on Theory of Computing},
  Date      = {2005},
  Doi       = {10.1145/1060590.1060692},
  Isbn      = {978-1-58113-960-0},
  Pages     = {684--693},
  Series    = {STOC '05},
  Title     = {{Aggregating Inconsistent Information: Ranking and Clustering}},
}

@Inbook{plantedAilon09,
  Author    = {Ailon, Nir and Liberty, Edo},
  Editor    = {Albers, Susanne and Marchetti-Spaccamela, Alberto and Matias, Yossi and Nikoletseas, Sotiris and Thomas, Wolfgang},
  Location  = {Berlin, Heidelberg},
  Publisher = {Springer Berlin Heidelberg},
  Url       = {https://doi.org/10.1007/978-3-642-02927-1_4},
  Booktitle = {Automata, Languages and Programming: 36th International Colloquium, ICALP 2009, Rhodes, Greece, July 5-12},
  Date      = {2009},
  Doi       = {10.1007/978-3-642-02927-1_4},
  Isbn      = {978-3-642-02927-1},
  Pages     = {24--36},
  Title     = {Correlation Clustering Revisited: The ``True'' Cost of Error Minimization Problems},
}

@Article{Bipartite12,
  Author       = {Ailon, Nir and Avigdor-Elgrabli, N and Liberty, Edo and van Zuylen, A},
  Url          = {http://dx.doi.org/10.1137/110848712},
  Date         = {2012},
  Doi          = {10.1137/110848712},
  Journaltitle = {SIAM Journal on Computing},
  Number       = {5},
  Pages        = {1110--1121},
  Title        = {{Improved Approximation Algorithms for Bipartite Correlation Clustering}},
  Volume       = {41},
}

@Article{Ailon2014,
  Author       = {Ailon, Nir and Begleiter, Ron and Ezra, Esther},
  Url          = {http://jmlr.org/papers/v15/ailon14a.html},
  Annotation   = {see section 5. Give other names like semi-supervised clustering or cluster editing},
  Date         = {2014},
  File         = {:home/orphee/data/projects/magnet/papers/active_relative_regret.pdf:pdf},
  Journaltitle = {Journal of Machine Learning Research},
  Pages        = {885--920},
  Title        = {{Active Learning Using Smooth Relative Regret Approximations with Applications}},
  Volume       = {15},
}

@Inproceedings{Alanazi,
  Author    = {Alanazi, Ammar and Bain, Michael},
  Location  = {Miami},
  Url       = {http://mlrec.org/2016/papers/alanazi2016scalable.pdf},
  Booktitle = {2nd International Workshop on Machine Learning Methods for Recommender Systems},
  Date      = {2016},
  File      = {:home/orphee/Dropbox/Reciprocal recommendation/alanazi2016scalable.pdf:pdf},
  Title     = {{A Scalable People-to-People Hybrid Reciprocal Recommender Using Hidden Markov Models}},
}

@Article{mentorBenef04,
  Author       = {Allen, Tammy D. and Eby, Lillian T. and Poteet, Mark L. and Lentz, Elizabeth and Lima, Lizzette},
  Publisher    = {American Psychological Association ({APA})},
  Url          = {https://doi.org/10.1037/0021-9010.89.1.127},
  Date         = {2004},
  Doi          = {10.1037/0021-9010.89.1.127},
  Journaltitle = {Journal of Applied Psychology},
  Number       = {1},
  Pages        = {127--136},
  Title        = {Career Benefits Associated With Mentoring for Proteges: A Meta-Analysis},
  Volume       = {89},
}

@Article{LowerBound95,
  Author       = {Alon, Noga and Karp, R and Peleg, D and West, D},
  Url          = {http://dx.doi.org/10.1137/S0097539792224474},
  Date         = {1995},
  Doi          = {10.1137/S0097539792224474},
  File         = {:home/orphee/data/projects/magnet/papers/tree/lowerbound.pdf:pdf},
  Journaltitle = {SIAM Journal on Computing},
  Number       = {1},
  Pages        = {78--100},
  Title        = {{A Graph-Theoretic Game and Its Application to the k-Server Problem}},
  Volume       = {24},
}

@Article{greedySpanner93,
  Author       = {Alth{ö}fer, Ingo and Das, Gautam and Dobkin, David and Joseph, Deborah and Soares, Jos{é}},
  Url          = {https://doi.org/10.1007/BF02189308},
  Date         = {1993-01},
  Doi          = {10.1007/BF02189308},
  Issn         = {1432-0444},
  Journaltitle = {Discrete {\&} Computational Geometry},
  Number       = {1},
  Pages        = {81--100},
  Title        = {On sparse spanners of weighted graphs},
  Volume       = {9},
}

@Inproceedings{Amelio2013,
  Author    = {Amelio, Alessia and Pizzuti, Clara},
  Location  = {New York, New York, USA},
  Publisher = {ACM Press},
  Url       = {http://dl.acm.org/citation.cfm?id=2492517.2492641},
  Booktitle = {Proceedings of the 2013 IEEE/ACM International Conference on Advances in Social Networks Analysis and Mining - ASONAM '13},
  Date      = {2013-08},
  Doi       = {10.1145/2492517.2492641},
  File      = {:home/orphee/data/projects/magnet/papers/community_multiobj.pdf:pdf},
  Isbn      = {978-1-4503-2240-9},
  Pages     = {95--99},
  Title     = {{Community mining in signed networks}},
}

@Thesis{Amit04,
  Author      = {Amit, Noga},
  Institution = {Tel Aviv University},
  Url         = {http://acgt.cs.tau.ac.il/theses/noga_msc.pdf},
  Date        = {2004},
  Title       = {{The Bicluster Graph Editing Problem}},
  Type        = {M.Sc. Thesis},
}

@Inproceedings{InfluenceVsHomo08,
  Author    = {Anagnostopoulos, Aris and Kumar, Ravi and Mahdian, Mohammad},
  Location  = {Las Vegas, Nevada, USA},
  Url       = {http://doi.acm.org/10.1145/1401890.1401897},
  Booktitle = {Proceedings of the 14th ACM SIGKDD International Conference on Knowledge Discovery and Data Mining},
  Date      = {2008},
  Doi       = {10.1145/1401890.1401897},
  Isbn      = {978-1-60558-193-4},
  Pages     = {7--15},
  Series    = {KDD '08},
  Title     = {Influence and Correlation in Social Networks},
}

@Inproceedings{Anava2015,
  Author    = {Anava, Yael and Avigdor-Elgrabli, Noa and Gamzu, Iftah},
  Url       = {http://dl.acm.org/citation.cfm?id=2736277.2741629},
  Booktitle = {Proceedings of the 24th International Conference on World Wide Web - WWW '15},
  Date      = {2015-05},
  Doi       = {10.1145/2736277.2741629},
  Isbn      = {978-1-4503-3469-3},
  Pages     = {55--65},
  Title     = {{Improved Theoretical and Practical Guarantees for Chromatic Correlation Clustering}},
}

@Inproceedings{Anchuri2012,
  Author    = {Anchuri, P. and Magdon-Ismail, M.},
  Publisher = {IEEE},
  Url       = {http://dl.acm.org/citation.cfm?id=2456719.2457006},
  Booktitle = {2012 IEEE/ACM International Conference on Advances in Social Networks Analysis and Mining},
  Date      = {2012-08},
  Doi       = {10.1109/ASONAM.2012.48},
  File      = {:home/orphee/data/projects/magnet/papers/community_spectral.pdf:pdf},
  Isbn      = {978-1-4673-2497-7},
  Pages     = {235--242},
  Title     = {{Communities and Balance in Signed Networks: A Spectral Approach}},
}

@Inproceedings{GeneticOCC14,
  Author    = {Andrade, Carlos E. and Resende, Mauricio G.C. and Karloff, Howard J. and Miyazawa, Flávio K.},
  Location  = {Vancouver, BC, Canada},
  Url       = {http://doi.acm.org/10.1145/2576768.2598284},
  Booktitle = {Proceedings of the 2014 Annual Conference on Genetic and Evolutionary Computation},
  Date      = {2014},
  Doi       = {10.1145/2576768.2598284},
  Isbn      = {978-1-4503-2662-9},
  Pages     = {405--412},
  Series    = {GECCO '14},
  Title     = {Evolutionary Algorithms for Overlapping Correlation Clustering},
}

@Inbook{VolumeSegmentation12,
  Author    = {Andres, Bjoern and Kroeger, Thorben and Briggman, Kevin L and Denk, Winfried and Korogod, Natalya and Knott, Graham and Koethe, Ullrich and Hamprecht, Fred A},
  Editor    = {Fitzgibbon, Andrew and Lazebnik, Svetlana and Perona, Pietro and Sato, Yoichi and Schmid, Cordelia},
  Location  = {Berlin, Heidelberg},
  Publisher = {Springer Berlin Heidelberg},
  Url       = {https://doi.org/10.1007/978-3-642-33712-3_56},
  Booktitle = {Computer Vision -- ECCV 2012: 12th European Conference on Computer Vision, Florence, Italy, October 7-13, 2012, Proceedings, Part III},
  Date      = {2012},
  Doi       = {10.1007/978-3-642-33712-3_56},
  Isbn      = {978-3-642-33712-3},
  Pages     = {778--791},
  Title     = {{Globally Optimal Closed-Surface Segmentation for Connectomics}},
}

@Thesis{Andrews2015,
  Author      = {Andrews, Eric},
  Institution = {University of Helsinki},
  Url         = {https://helda.helsinki.fi/handle/10138/156542},
  Date        = {2015},
  File        = {:home/orphee/Dropbox/Reciprocal recommendation/andrewsthesis.pdf:pdf},
  Title       = {{Recommender Systems for Online Dating}},
  Type        = {Master Thesis},
}

@Inproceedings{StableCC17,
  Author    = {Angelidakis, Haris and Makarychev, Konstantin and Makarychev, Yury},
  Url       = {http://ttic.uchicago.edu/$\sim$yury/papers/two-stable.pdf},
  Booktitle = {Proceedings of the 49th Annual ACM SIGACT Symposium on Theory of Computing},
  Date      = {2017},
  Doi       = {10.1145/3055399.3055487},
  File      = {:home/orphee/data/projects/magnet/papers/two-stable.pdf:pdf},
  Isbn      = {978-1-4503-4528-6},
  Pages     = {438--451},
  Series    = {STOC 2017},
  Title     = {{Algorithms for Stable and Perturbation-resilient Problems}},
}

@Inproceedings{LargeScaleDeDup09,
  Author    = {Arasu, Arvind and R{é}, Christopher and Suciu, Dan},
  Booktitle = {2009 IEEE 25th International Conference on Data Engineering},
  Date      = {2009},
  Doi       = {10.1109/ICDE.2009.43},
  Issn      = {1063-6382},
  Pages     = {952--963},
  Title     = {{Large-Scale Deduplication with Constraints Using Dedupalog}},
}

@Article{Aref2016,
  Author     = {Aref, Samin and Mason, Andrew J. and Wilson, Mark C.},
  Url        = {http://arxiv.org/abs/1611.09030},
  Date       = {2016-11},
  Eprint     = {1611.09030},
  Eprinttype = {arXiv},
  Title      = {{An exact method for computing the frustration index in signed networks using binary programming}},
}

@Incollection{KsupportNorm12,
  Author    = {Argyriou, Andreas and Foygel, Rina and Srebro, Nathan},
  Editor    = {Pereira, F. and Burges, C. J. C. and Bottou, L. and Weinberger, K. Q.},
  Publisher = {Curran Associates, Inc.},
  Url       = {http://papers.nips.cc/paper/4537-sparse-prediction-with-the-k-support-norm.pdf},
  Booktitle = {Advances in Neural Information Processing Systems 25},
  Date      = {2012},
  Pages     = {1457--1465},
  Title     = {Sparse Prediction with the $k$-Support Norm},
}

@Article{AroraRandWalk16,
  Author       = {Arora, Sanjeev and Li, Yuanzhi and Liang, Yingyu and Ma, Tengyu and Risteski, Andrej},
  Date         = {2016},
  Eprint       = {https://www.transacl.org/ojs/index.php/tacl/article/view/742},
  Eprinttype   = {arXiv},
  Issn         = {2307-387X},
  Journaltitle = {Transactions of the Association for Computational Linguistics},
  Pages        = {385--399},
  Title        = {A Latent Variable Model Approach to PMI-based Word Embeddings},
  Volume       = {4},
}

@Inproceedings{Asteris2016,
  Author     = {Asteris, Megasthenis and Kyrillidis, Anastasios and Papailiopoulos, Dimitris and Dimakis, Alexandros G.},
  Url        = {http://arxiv.org/abs/1603.02782 http://proceedings.mlr.press/v51/asteris16.html},
  Booktitle  = {AISTATS},
  Date       = {2016-03},
  Eprint     = {1603.02782},
  Eprinttype = {arXiv},
  Title      = {{Bipartite Correlation Clustering -- Maximizing Agreements}},
}

@Article{acg02,
  Author       = {Auer, Peter and Cesa-Bianchi, Nicolò and Gentile, Claudio},
  Url          = {http://www.sciencedirect.com/science/article/pii/S0022000001917957},
  Date         = {2002},
  Doi          = {10.1006/jcss.2001.1795},
  Issn         = {0022-0000},
  Journaltitle = {Journal of Computer and System Sciences},
  Number       = {1},
  Pages        = {48--75},
  Title        = {{Adaptive and Self-Confident On-Line Learning Algorithms}},
  Volume       = {64},
}

@Book{CpxBook99,
  Author    = {Ausiello, Giorgio and Marchetti-Spaccamela, Alberto and Crescenzi, Pierluigi and Gambosi, Giorgio and Protasi, Marco and Kann, Viggo},
  Publisher = {Springer Berlin Heidelberg},
  Date      = {1999},
  Doi       = {10.1007/978-3-642-58412-1},
  Isbn      = {978-3-642-58412-1},
  Title     = {{Complexity and Approximation}},
}

@Article{fairyTales80,
  Author       = {Auster, Carol J.},
  Url          = {http://journals.sagepub.com/doi/abs/10.2466/pr0.1980.47.1.183},
  Date         = {1980},
  Doi          = {10.2466/pr0.1980.47.1.183},
  Journaltitle = {Psychological Reports},
  Number       = {1},
  Pages        = {183--188},
  Title        = {Balance Theory and other Extra-Balance Properties: An Application to Fairy Tales},
  Volume       = {47},
}

@Article{sparseOptim12,
  Author       = {Bach, Francis and Jenatton, Rodolphe and Mairal, Julien and Obozinski, Guillaume},
  Url          = {http://dx.doi.org/10.1561/2200000015},
  Date         = {2012},
  Doi          = {10.1561/2200000015},
  Issn         = {1935-8237},
  Journaltitle = {Foundations and Trends® in Machine Learning},
  Number       = {1},
  Pages        = {1--106},
  Title        = {Optimization with Sparsity-Inducing Penalties},
  Volume       = {4},
}

@Article{Bachi2012,
  Author       = {Bachi, Giacomo and Coscia, Michele and Monreale, Anna and Giannotti, Fosca},
  Publisher    = {Ieee},
  Url          = {http://ieeexplore.ieee.org/lpdocs/epic03/wrapper.htm?arnumber=6406307},
  Annotation   = {Use frequent graph mining over ego network to extract rules (but usually don't beat Leskovec)},
  Date         = {2012-09},
  Doi          = {10.1109/SocialCom-PASSAT.2012.115},
  File         = {:home/orphee/data/projects/magnet/papers/trust_12.pdf:pdf},
  Isbn         = {978-1-4673-5638-1},
  Journaltitle = {2012 International Conference on Privacy, Security, Risk and Trust},
  Pages        = {552--557},
  Title        = {{Classifying Trust/Distrust Relationships in Online Social Networks}},
}

@Unpublished{Bagon2011,
  Author     = {Bagon, Shai and Galun, Meirav},
  Url        = {http://arxiv.org/abs/1112.2903},
  Annotation = {probalistic interpretation, ie Potts model to recover the cluster assignment matrix, which scale better. Application to image segmentation},
  Booktitle  = {arXiv},
  Date       = {2011-12},
  Eprint     = {1112.2903},
  Eprinttype = {arXiv},
  File       = {:home/orphee/data/projects/magnet/papers/proba_cc.pdf:pdf},
  Title      = {{Large Scale Correlation Clustering Optimization}},
}

@Article{newsBias15,
  Author       = {Bakshy, Eytan and Messing, Solomon and Adamic, Lada},
  Publisher    = {American Association for the Advancement of Science},
  Url          = {http://science.sciencemag.org/content/early/2015/05/06/science.aaa1160},
  Date         = {2015},
  Doi          = {10.1126/science.aaa1160},
  Eprint       = {http://science.sciencemag.org/content/early/2015/05/06/science.aaa1160.full.pdf},
  Issn         = {0036-8075},
  Journaltitle = {Science},
  Title        = {Exposure to ideologically diverse news and opinion on Facebook},
}

@Inproceedings{StableCC09,
  Author    = {Balcan, Maria{-}Florina and Braverman, Mark},
  Location  = {Montreal, Quebec, Canada},
  Url       = {http://www.cs.mcgill.ca/~colt2009/papers/017.pdf},
  Booktitle = {{Proceedings of the 22nd Conference on Learning Theory}},
  Date      = {2009-06},
  Eventdate = {2009-06-18/2009-06-21},
  Title     = {{Finding Low Error Clusterings}},
}

@Article{MCC00,
  Author       = {Baldi, Pierre and Brunak, S{ø}ren and Chauvin, Yves and Andersen, C A and Nielsen, Henrik},
  Url          = {http://bioinformatics.oxfordjournals.org/content/16/5/412.abstract},
  Annotation   = {10.1093/bioinformatics/16.5.412},
  Date         = {2000-05},
  Doi          = {10.1093/bioinformatics/16.5.412},
  File         = {:home/orphee/data/projects/magnet/papers/mcc.pdf:pdf},
  Isbn         = {1367-4803 (Print)},
  Issn         = {1367-4803},
  Journaltitle = {Bioinformatics (Oxford, England)},
  Number       = {5},
  Pages        = {412--424},
  Title        = {{Assessing the accuracy of prediction algorithms for classification: an overview.}},
  Volume       = {16},
}

@Article{Bansal2002,
  Author       = {Bansal, Nikhil and Blum, Avrim and Chawla, Shuchi},
  Publisher    = {IEEE Comput. Soc},
  Url          = {http://ieeexplore.ieee.org/lpdocs/epic03/wrapper.htm?arnumber=1181947},
  Annotation   = {Introduce the CC problem},
  Date         = {2002},
  Doi          = {10.1109/SFCS.2002.1181947},
  File         = {:home/orphee/data/projects/magnet/papers/correlation_clutering_blum_02.pdf:pdf;:home/orphee/data/projects/magnet/papers/bansal_extended.pdf:pdf},
  Isbn         = {978-0-7695-1822-0},
  Journaltitle = {The 43rd Annual IEEE Symposium on Foundations of Computer Science, 2002. Proceedings.},
  Pages        = {238--247},
  Title        = {{Correlation clustering}},
}

@Article{Bansal2004,
  Author       = {Bansal, Nikhil and Blum, Avrim and Chawla, Shuchi},
  Url          = {http://link.springer.com/10.1023/B:MACH.0000033116.57574.95},
  Annotation   = {extended version of FOCS02},
  Date         = {2004-07},
  Doi          = {10.1023/B:MACH.0000033116.57574.95},
  File         = {:home/orphee/data/projects/magnet/papers/bansal_extended.pdf:pdf;:home/orphee/data/projects/magnet/papers/correlation_clutering_blum_02.pdf:pdf},
  Issn         = {0885-6125},
  Journaltitle = {Machine Learning},
  Number       = {1-3},
  Pages        = {89--113},
  Title        = {{Correlation Clustering}},
  Volume       = {56},
}

@Article{Barabasi1999,
  Author       = {Barab{á}si, Albert-L{á}szl{ó} and Albert, R{é}ka},
  Url          = {http://www.sciencemag.org/content/286/5439/509.abstract},
  Date         = {1999-10},
  Doi          = {10.1126/science.286.5439.509},
  Issn         = {00368075},
  Journaltitle = {Science},
  Number       = {5439},
  Pages        = {509--512},
  Title        = {{Emergence of Scaling in Random Networks}},
  Volume       = {286},
}

@Article{worldTradeNetwork10,
  Author       = {Barigozzi, Matteo and Fagiolo, Giorgio and Garlaschelli, Diego},
  Publisher    = {American Physical Society},
  Url          = {https://link.aps.org/doi/10.1103/PhysRevE.81.046104},
  Date         = {2010-04},
  Doi          = {10.1103/PhysRevE.81.046104},
  Issue        = {4},
  Journaltitle = {Physical Review E},
  Pages        = {046104},
  Title        = {Multinetwork of international trade: A commodity-specific analysis},
  Volume       = {81},
}

@Inproceedings{Baroni2017,
  Author     = {Baroni, Alessandro and Conte, Alessio and Patrignani, Maurizio and Ruggieri, Salvatore},
  Url        = {http://arxiv.org/abs/1703.08590},
  Booktitle  = {ASONAM 2017},
  Date       = {2017-03},
  Doi        = {10.1145/3110025.3110030},
  Eprint     = {1703.08590},
  Eprinttype = {arXiv},
  Title      = {{Efficiently Clustering Very Large Attributed Graphs}},
}

@Article{heuristicCE16,
  Author       = {Bastos, Lucas and Ochi, Luiz Satoru and Protti, F{á}bio and Subramanian, Anand and Martins, Ivan C{é}sar and Pinheiro, Rian Gabriel S.},
  Url          = {https://doi.org/10.1007/s10878-014-9756-7},
  Date         = {2016-01},
  Doi          = {10.1007/s10878-014-9756-7},
  Issn         = {1573-2886},
  Journaltitle = {Journal of Combinatorial Optimization},
  Number       = {1},
  Pages        = {347--371},
  Title        = {{Efficient algorithms for cluster editing}},
  Volume       = {31},
}

@Inproceedings{Beier2015,
  Author    = {Beier, Thorsten and Hamprecht, Fred A. and Kappes, Jorg H.},
  Publisher = {IEEE},
  Url       = {http://ieeexplore.ieee.org/document/7298973/},
  Booktitle = {2015 IEEE Conference on Computer Vision and Pattern Recognition (CVPR)},
  Date      = {2015-06},
  Doi       = {10.1109/CVPR.2015.7298973},
  Isbn      = {978-1-4673-6964-0},
  Issn      = {10636919},
  Pages     = {3507--3516},
  Title     = {{Fusion moves for correlation clustering}},
}

@Article{MetricLearning15,
  Author       = {Bellet, Aur{é}lien and Habrard, Amaury and Sebban, Marc},
  Url          = {https://doi.org/10.2200/S00626ED1V01Y201501AIM030},
  Date         = {2015},
  Doi          = {10.2200/S00626ED1V01Y201501AIM030},
  Journaltitle = {Synthesis Lectures on Artificial Intelligence and Machine Learning},
  Number       = {1},
  Pages        = {1--151},
  Title        = {{Metric Learning}},
  Volume       = {9},
}

@Misc{clusteringFeasibility15,
  Author     = {Ben-David, Shai},
  Date       = {2015},
  Eprint     = {arXiv:1501.00437},
  Eprinttype = {arXiv},
  Title      = {Computational Feasibility of Clustering under Clusterability Assumptions},
}

@Article{Ben-Dor99,
  Author       = {Ben-Dor, A and Shamir, Ron and Yakhini, Z},
  Language     = {en},
  Publisher    = {Mary Ann Liebert, Inc.},
  Url          = {http://www.ncbi.nlm.nih.gov/pubmed/10582567 http://online.liebertpub.com/doi/abs/10.1089/106652799318274},
  Annotation   = {Assume a perfect clustering. A complete similarity matrix is derived from it, but with some measurement error. Authors introduce an O(n²(log n)^c) algorithm that recover the planted disjoint cliques with high probability},
  Date         = {1999-01},
  Doi          = {10.1089/106652799318274},
  Issn         = {1066-5277},
  Journaltitle = {Journal of computational biology},
  Number       = {3-4},
  Pages        = {281--97},
  Title        = {{Clustering gene expression patterns.}},
  Volume       = {6},
}

@Inbook{BDL06,
  Author    = {Bengio, Yoshua and Delalleau, Olivier and Le Roux, Nicolas},
  Publisher = {MIT Press},
  Booktitle = {Semi-Supervised Learning},
  Date      = {2006-01},
  Pages     = {193--216},
  Title     = {Label Propagation and Quadratic Criterion},
}

@Article{Berg2015,
  Author       = {Berg, Jeremias and J{ä}rvisalo, Matti},
  Url          = {http://www.sciencedirect.com/science/article/pii/S0004370215001022 http://linkinghub.elsevier.com/retrieve/pii/S0004370215001022},
  Date         = {2017-03},
  Doi          = {10.1016/j.artint.2015.07.001},
  Issn         = {00043702},
  Journaltitle = {Artificial Intelligence},
  Pages        = {110--142},
  Title        = {{Cost-optimal constrained correlation clustering via weighted partial Maximum Satisfiability}},
  Volume       = {244},
}

@Inbook{PlanarCEPTAS17,
  Author    = {Berger, Andr{é} and Grigoriev, Alexander and Winokurow, Andrej},
  Editor    = {Jansen, Klaus and Mastrolilli, Monaldo},
  Location  = {Cham},
  Publisher = {Springer International Publishing},
  Url       = {https://doi.org/10.1007/978-3-319-51741-4_3},
  Booktitle = {Approximation and Online Algorithms: 14th International Workshop, WAOA 2016, Aarhus, Denmark, August 25--26, 2016, Revised Selected Papers},
  Date      = {2017},
  Doi       = {10.1007/978-3-319-51741-4_3},
  Isbn      = {978-3-319-51741-4},
  Pages     = {27--39},
  Title     = {A PTAS for the Cluster Editing Problem on Planar Graphs},
}

@Inproceedings{typedMultigraph11,
  Author    = {Berlingerio, M. and Coscia, M. and Giannotti, F. and Monreale, A. and Pedreschi, D.},
  Booktitle = {2011 International Conference on Advances in Social Networks Analysis and Mining},
  Date      = {2011-07},
  Doi       = {10.1109/ASONAM.2011.103},
  Pages     = {485--489},
  Title     = {Foundations of Multidimensional Network Analysis},
}

@Inbook{Bertolacci07,
  Author     = {Bertolacci, Michael and Wirth, Anthony},
  Url        = {http://epubs.siam.org/doi/abs/10.1137/1.9781611972771.41},
  Annotation = {It is clear that w_uv^+ +w_uv^- = m and that Consensus clustering is an instance of Correlation clustering in which the w_uv^- weights obey the triangle inequality. running pivot on a sample and then building whole clusters gives result close to those of unpractical approximation algorithm while running in reasonnable time},
  Booktitle  = {Proceedings of the 2007 SIAM International Conference on Data Mining},
  Chapter    = {41},
  Date       = {2007},
  Doi        = {10.1137/1.9781611972771.41},
  File       = {:home/orphee/data/projects/magnet/papers/approx_consensus.pdf:pdf},
  Pages      = {437--442},
  Title      = {{Are approximation algorithms for consensus clustering worthwhile?}},
}

@Inbook{evolBio10,
  Author    = {Beyer, Antje and Thomason, Peter and Li, Xinzhong and Scott, James and Fisher, Jasmin},
  Editor    = {Priami, Corrado and Breitling, Rainer and Gilbert, David and Heiner, Monika and Uhrmacher, Adelinde M.},
  Location  = {Berlin, Heidelberg},
  Publisher = {Springer Berlin Heidelberg},
  Url       = {https://doi.org/10.1007/978-3-642-11712-1_4},
  Booktitle = {Transactions on Computational Systems Biology XII: Special Issue on Modeling Methodologies},
  Date      = {2010},
  Doi       = {10.1007/978-3-642-11712-1_4},
  Isbn      = {978-3-642-11712-1},
  Pages     = {146--162},
  Title     = {Mechanistic Insights into Metabolic Disturbance during Type-2 Diabetes and Obesity Using Qualitative Networks},
}

@Inbook{AlternatingOptim02,
  Author    = {Bezdek, James C. and Hathaway, Richard J.},
  Editor    = {Pal, Nikhil R. and Sugeno, Michio},
  Location  = {Calcutta, India},
  Publisher = {Springer Berlin Heidelberg},
  Url       = {https://doi.org/10.1007/3-540-45631-7_39},
  Booktitle = {Advances in Soft Computing --- AFSS 2002},
  Date      = {2002},
  Doi       = {10.1007/3-540-45631-7_39},
  Eventdate = {2002-02-03/2002-02-06},
  Isbn      = {978-3-540-45631-5},
  Pages     = {288--300},
  Title     = {Some Notes on Alternating Optimization},
}

@Book{biggs1976graph,
  Author    = {Biggs, Norman and Lloyd, E Keith and Wilson, Robin J},
  Publisher = {Oxford University Press},
  Date      = {1986-12},
  Isbn      = {978-0-19-853916-2},
  Pagetotal = {252},
  Title     = {Graph Theory, 1736-1936},
}

@Article{homoSN12,
  Author       = {Bisgin, Halil and Agarwal, Nitin and Xu, Xiaowei},
  Url          = {https://doi.org/10.1007/s11280-011-0143-3},
  Date         = {2012-03},
  Doi          = {10.1007/s11280-011-0143-3},
  Issn         = {1573-1413},
  Journaltitle = {World Wide Web},
  Number       = {2},
  Pages        = {213--232},
  Title        = {A study of homophily on social media},
  Volume       = {15},
}

@Book{PRML06,
  Author    = {Bishop, Christopher},
  Publisher = {Springer-Verlag},
  Date      = {2006},
  Isbn      = {978-0-387-31073-2},
  Title     = {Pattern Recognition and Machine Learning},
}

@Inproceedings{BC01,
  Author    = {Blum, Avrim and Chawla, Shuchi},
  Location  = {San Francisco, CA, USA},
  Publisher = {Morgan Kaufmann Publishers Inc.},
  Url       = {http://dl.acm.org/citation.cfm?id=645530.757779},
  Booktitle = {Proceedings of the Eighteenth International Conference on Machine Learning},
  Date      = {2001},
  Isbn      = {978-1-55860-778-1},
  Pages     = {19--26},
  Series    = {ICML '01},
  Title     = {Learning from Labeled and Unlabeled Data Using Graph Mincuts},
}

@Article{multiSurvey14,
  Author       = {Boccaletti, S. and Bianconi, G. and Criado, R. and del Genio, C.I. and Gómez-Gardeñes, J. and Romance, M. and Sendiña-Nadal, I. and Wang, Z. and Zanin, M.},
  Url          = {http://www.sciencedirect.com/science/article/pii/S0370157314002105},
  Date         = {2014},
  Doi          = {10.1016/j.physrep.2014.07.001},
  Issn         = {0370-1573},
  Journaltitle = {Physics Reports},
  Number       = {1},
  Pages        = {1--122},
  Title        = {The structure and dynamics of multilayer networks},
  Volume       = {544},
}

@Article{GoldenCE12,
  Author       = {Böcker, Sebastian},
  Url          = {http://www.sciencedirect.com/science/article/pii/S1570866712000597},
  Date         = {2012},
  Doi          = {10.1016/j.jda.2012.04.005},
  Issn         = {1570-8667},
  Journaltitle = {{Journal of Discrete Algorithms}},
  Note         = {Selected papers from the 22nd International Workshop on Combinatorial Algorithms (IWOCA 2011)},
  Pages        = {79--89},
  Title        = {{A golden ratio parameterized algorithm for Cluster Editing}},
  Volume       = {16},
}

@Inbook{clusterEditSurvey13,
  Author    = {B{ö}cker, Sebastian and Baumbach, Jan},
  Editor    = {Bonizzoni, Paola and Brattka, Vasco and L{ö}we, Benedikt},
  Location  = {Berlin, Heidelberg},
  Publisher = {Springer Berlin Heidelberg},
  Url       = {https://doi.org/10.1007/978-3-642-39053-1_5},
  Booktitle = {The Nature of Computation. Logic, Algorithms, Applications: 9th Conference on Computability in Europe, CiE 2013, Milan, Italy, July 1-5},
  Date      = {2013},
  Doi       = {10.1007/978-3-642-39053-1_5},
  Isbn      = {978-3-642-39053-1},
  Pages     = {33--44},
  Title     = {{Cluster Editing}},
}

@Inproceedings{compressSN12,
  Author    = {Boldi, Paolo and Rosa, Marco and Santini, Massimo and Vigna, Sebastiano},
  Location  = {Hyderabad, India},
  Url       = {http://doi.acm.org/10.1145/1963405.1963488},
  Booktitle = {Proceedings of the 20th International Conference on World Wide Web},
  Date      = {2011},
  Doi       = {10.1145/1963405.1963488},
  Isbn      = {978-1-4503-0632-4},
  Pages     = {587--596},
  Series    = {WWW '11},
  Title     = {Layered Label Propagation: A Multiresolution Coordinate-free Ordering for Compressing Social Networks},
}

@Book{ExtremalGraph04,
  Author    = {Bollobas, B{é}la},
  Location  = {Mineola, NY},
  Publisher = {Dover},
  Date      = {2004},
  Isbn      = {978-0-486-43596-1},
  Series    = {Dover Books on Mathematics},
  Title     = {Extremal Graph Theory},
}

@Article{PAmodel04,
  Author       = {Bollob{á}s, B{é}la and Riordan, Oliver},
  Date         = {2004},
  Doi          = {10.1007/s00493-004-0002-2},
  Issn         = {1439-6912},
  Journaltitle = {Combinatorica},
  Number       = {1},
  Pages        = {5--34},
  Title        = {The Diameter of a Scale-Free Random Graph},
  Volume       = {24},
}

@Inproceedings{Bonchi2012a,
  Author    = {Bonchi, Francesco and Gionis, Aristides and Gullo, Francesco and Ukkonen, Antti},
  Location  = {Beijing, China},
  Url       = {http://doi.acm.org/10.1145/2339530.2339735},
  Booktitle = {Proceedings of the 18th ACM SIGKDD International Conference on Knowledge Discovery and Data Mining},
  Date      = {2012},
  Doi       = {10.1145/2339530.2339735},
  Isbn      = {978-1-4503-1462-6},
  Pages     = {1321--1329},
  Series    = {KDD '12},
  Title     = {Chromatic Correlation Clustering},
}

@Article{Bonchi2012,
  Author       = {Bonchi, Francesco and Gionis, Aristides and Ukkonen, Antti},
  Url          = {http://link.springer.com/10.1007/s10115-012-0522-9},
  Annotation   = {Extension to multiple cluster membership, Giraph implementation can be seen as dimensionality reduction as well},
  Date         = {2012-07},
  Doi          = {10.1007/s10115-012-0522-9},
  File         = {:home/orphee/data/projects/magnet/papers/overlapping_CC.pdf:pdf},
  Issn         = {0219-1377},
  Journaltitle = {Knowledge and Information Systems},
  Number       = {1},
  Pages        = {1--32},
  Title        = {{Overlapping correlation clustering}},
  Volume       = {35},
}

@Article{Bonchi2013,
  Author     = {Bonchi, Francesco and Garc{í}a-Soriano, David and Kutzkov, Konstantin},
  Url        = {http://arxiv.org/abs/1312.5105},
  Date       = {2013-12},
  Eprint     = {1312.5105},
  Eprinttype = {arXiv},
  File       = {:home/orphee/data/projects/magnet/papers/local_CC.pdf:pdf},
  Title      = {{Local correlation clustering}},
}

@Inproceedings{bonchi2014correlation,
  Author    = {Bonchi, Francesco and Garc{í}a-Soriano, David and Liberty, Edo},
  Url       = {http://videolectures.net/kdd2014_bonchi_garcia_soriano_liberty_clustering},
  Booktitle = {Proceedings of the 20th ACM SIGKDD international conference on Knowledge discovery and data mining},
  Date      = {2014},
  File      = {:home/orphee/data/projects/magnet/papers/CCtuto_kdd14.pdf:pdf},
  Series    = {KDD'14},
  Title     = {{Correlation clustering: from theory to practice}},
}

@Article{multiChromatic15,
  Author       = {Bonchi, Francesco and Gionis, Aristides and Gullo, Francesco and Tsourakakis, Charalampos E. and Ukkonen, Antti},
  Url          = {http://doi.acm.org/10.1145/2728170},
  Date         = {2015-06},
  Doi          = {10.1145/2728170},
  Issn         = {1556-4681},
  Journaltitle = {ACM Trans. Knowl. Discov. Data},
  Number       = {4},
  Pages        = {34:1--34:24},
  Title        = {Chromatic Correlation Clustering},
  Volume       = {9},
}

@Article{WeightedMaxAPTAS08,
  Author       = {Bonizzoni, Paola and Vedova, Gianluca Della and Dondi, Riccardo and Jiang, Tao},
  Url          = {http://www.sciencedirect.com/science/article/pii/S0022000007000980},
  Date         = {2008},
  Doi          = {10.1016/j.jcss.2007.06.024},
  Issn         = {0022-0000},
  Journaltitle = {Journal of Computer and System Sciences},
  Number       = {5},
  Pages        = {671--696},
  Title        = {{On the Approximation of Correlation Clustering and Consensus Clustering}},
  Volume       = {74},
}

@Article{Bonizzoni2008,
  Author       = {Bonizzoni, Paola and Vedova, Gianluca Della and Dondi, Riccardo and Jiang, Tao},
  Url          = {http://www.sciencedirect.com/science/article/pii/S0022000007000980},
  Annotation   = {maxAgree: PTAS maxConsensus: PTAS, 4/3 approx minConsensus: APX hard even with 3 candidates},
  Date         = {2008},
  Doi          = {10.1016/j.jcss.2007.06.024},
  File         = {:home/orphee/data/projects/magnet/papers/consensus_approx.pdf:pdf},
  Issn         = {0022-0000},
  Journaltitle = {Journal of Computer and System Sciences},
  Number       = {5},
  Pages        = {671--696},
  Title        = {{On the Approximation of Correlation Clustering and Consensus Clustering}},
  Volume       = {74},
}

@Incollection{transE13,
  Author    = {Bordes, Antoine and Usunier, Nicolas and Garcia-Duran, Alberto and Weston, Jason and Yakhnenko, Oksana},
  Editor    = {Burges, C. J. C. and Bottou, L. and Welling, M. and Ghahramani, Z. and Weinberger, K. Q.},
  Publisher = {Curran Associates, Inc.},
  Url       = {http://papers.nips.cc/paper/5071-translating-embeddings-for-modeling-multi-relational-data.pdf},
  Booktitle = {Advances in Neural Information Processing Systems 26},
  Date      = {2013},
  Pages     = {2787--2795},
  Title     = {Translating Embeddings for Modeling Multi-relational Data},
}

@Article{surveyAttributedClustering15,
  Author       = {Bothorel, Cecile and Cruz, Juan David and Magnani, Matteo and Micenková, Barbora},
  Publisher    = {Cambridge University Press},
  Date         = {2015},
  Doi          = {10.1017/nws.2015.9},
  Eprint       = {arXiv:1501.01676},
  Eprinttype   = {arXiv},
  Journaltitle = {Network Science},
  Number       = {3},
  Pages        = {408--444},
  Title        = {Clustering attributed graphs: Models, measures and methods},
  Volume       = {3},
}

@Inproceedings{FibonacciHeaps12,
  Author    = {Brodal, Gerth St{ø}lting and Lagogiannis, George and Tarjan, Robert E.},
  Location  = {New York, New York, USA},
  Publisher = {ACM},
  Url       = {http://doi.acm.org/10.1145/2213977.2214082},
  Booktitle = {Proceedings of the Forty-fourth Annual ACM Symposium on Theory of Computing},
  Date      = {2012},
  Doi       = {10.1145/2213977.2214082},
  Isbn      = {978-1-4503-1245-5},
  Pages     = {1177--1184},
  Series    = {STOC '12},
  Title     = {Strict Fibonacci Heaps},
}

@Inbook{minmcApprox17,
  Author    = {Buchbinder, Niv and Schwartz, Roy and Weizman, Baruch},
  Booktitle = {Proceedings of the Twenty-Eighth Annual ACM-SIAM Symposium on Discrete Algorithms},
  Date      = {2017-01},
  Doi       = {10.1137/1.9781611974782.158},
  Pages     = {2400--2410},
  Title     = {Simplex Transformations and the Multiway Cut Problem},
}

@Article{DimensionReduction10,
  Author       = {Burges, Christopher J. C.},
  Url          = {http://dx.doi.org/10.1561/2200000002},
  Date         = {2010},
  Doi          = {10.1561/2200000002},
  Issn         = {1935-8237},
  Journaltitle = {Foundations and Trends in Machine Learning},
  Number       = {4},
  Pages        = {275--365},
  Title        = {Dimension Reduction: A Guided Tour},
  Volume       = {2},
}

@Inbook{communityDBLPbyConf05,
  Author    = {Cai, Deng and Shao, Zheng and He, Xiaofei and Yan, Xifeng and Han, Jiawei},
  Editor    = {Jorge, Al{í}pio M{á}rio and Torgo, Lu{í}s and Brazdil, Pavel and Camacho, Rui and Gama, Jo{ã}o},
  Location  = {Porto, Portugal},
  Publisher = {Springer Berlin Heidelberg},
  Booktitle = {Proceedings of the 9th European Conference on Principles and Practice of Knowledge Discovery in Databases},
  Date      = {2005},
  Doi       = {10.1007/11564126_44},
  Eventdate = {2005-10-03/2005-10-07},
  Isbn      = {978-3-540-31665-7},
  Pages     = {445--452},
  Series    = {PKDD' 05},
  Title     = {Community Mining from Multi-relational Networks},
}

@Online{graphEmbeddingSurvey17,
  Author     = {Cai, Hongyun and Zheng, Vincent W. and Chang, Kevin Chen-Chuan},
  Date       = {2017},
  Eprint     = {1709.07604},
  Eprinttype = {arXiv},
  Note       = {under review of IEEE TKDE},
  Title      = {A Comprehensive Survey of Graph Embedding: Problems, Techniques and Applications},
}

@Article{Cartwright56,
  Author       = {Cartwright, Dorwin and Harary, Frank},
  Url          = {http://content.apa.org/journals/rev/63/5/277},
  Date         = {1956},
  Doi          = {10.1037/h0046049},
  Issn         = {0033-295X},
  Journaltitle = {Psychological Review},
  Number       = {5},
  Pages        = {277--293},
  Title        = {{Structural balance: a generalization of Heider's theory.}},
  Volume       = {63},
}

@Article{cb+97,
  Author       = {Cesa-Bianchi, Nicolò and Freund, Yoav and Haussler, David and Helmbold, David P. and Schapire, Robert E. and Warmuth, Manfred K.},
  Location     = {New York, NY, USA},
  Publisher    = {ACM},
  Url          = {http://doi.acm.org/10.1145/258128.258179},
  Date         = {1997-05},
  Doi          = {10.1145/258128.258179},
  Issn         = {0004-5411},
  Journaltitle = {J. ACM},
  Number       = {3},
  Pages        = {427--485},
  Title        = {{How to Use Expert Advice}},
  Volume       = {44},
}

@Inproceedings{Cesa-Bianchi2012a,
  Author    = {Cesa-Bianchi, Nicol{ò} and Gentile, Claudio and Vitale, Fabio and Zappella, Giovanni},
  Url       = {http://papers.nips.cc/paper/4598-a-linear-time-active-learning-algorithm-for-link-classification},
  Booktitle = {Advances in Neural Information Processing Systems 25 (NIPS 2012)},
  Date      = {2012},
  File      = {:home/orphee/data/projects/magnet/papers/nips2012link.pdf:pdf},
  Pages     = {1--12},
  Title     = {{A linear time active learning algorithm for link classification}},
}

@Inproceedings{Cesa-Bianchi2012b,
  Author     = {Cesa-Bianchi, Nicol{ò} and Gentile, Claudio and Vitale, Fabio and Zappella, Giovanni},
  Url        = {http://jmlr.org/proceedings/papers/v23/cesa-bianchi12/cesa-bianchi12.pdf},
  Annotation = {correlation clustering index: the minimal number of edge mismatching (negative intra cluster or positive between clusters) over all possible partionning. We show that the correlation clustering index characterizes the prediction complexity of link classification in three different supervised transductive learning settings: online, batch, and active.},
  Booktitle  = {Proceedings of the 25th Annual Conference on Learning Theory},
  Date       = {2012},
  File       = {:home/orphee/data/projects/magnet/papers/cccc.pdf:pdf},
  Pages      = {1--20},
  Title      = {{A Correlation Clustering Approach to Link Classification in Signed Networks}},
  Volume     = {23},
}

@Article{WTA13,
  Author       = {Cesa-Bianchi, Nicol{ò} and Gentile, Claudio and Vitale, Fabio and Zappella, Giovanni},
  Url          = {http://jmlr.org/papers/v14/cesa-bianchi13a.html},
  Date         = {2013},
  Journaltitle = {Journal of Machine Learning Research},
  Pages        = {1251--1284},
  Title        = {{Random Spanning Trees and the Prediction of Weighted Graphs}},
  Volume       = {14},
}

@Article{RedditBan15,
  Author       = {Chandrasekharan, Eshwar and Pavalanathan, Umashanthi and Srinivasan, Anirudh and Glynn, Adam and Eisenstein, Jacob and Gilbert, Eric},
  Date         = {2017-06},
  Doi          = {10.1145/3134666},
  Issn         = {2573-0142},
  Journaltitle = {Proc. ACM Hum.-Comput. Interact.},
  Number       = {2},
  Pages        = {31:22--31:22},
  Title        = {You Can't Stay Here: The Efficacy of Reddit's 2015 Ban Examined Through Hate Speech},
  Volume       = {1},
}

@Book{SSL06,
  Author    = {Chapelle, Olivier and Scholkopf, Bernhard and Zien, Alexander},
  Publisher = {The {MIT} Press},
  Date      = {2006-09},
  Doi       = {10.7551/mitpress/9780262033589.001.0001},
  Isbn      = {978-0-262-03358-9},
  Pagetotal = {528},
  Title     = {Semi-Supervised Learning},
}

@Inproceedings{Charikar2003,
  Author     = {Charikar, Moses and Guruswami, Venkatesan and Wirth, Anthony},
  Publisher  = {IEEE Computer. Soc},
  Url        = {http://ieeexplore.ieee.org/lpdocs/epic03/wrapper.htm?arnumber=1238225},
  Annotation = {clustering nodes of signed graph by interpreting edges signs as denoting similarity or not 4 approximation on MinDisAgree for complete graph using LP relaxation gen graph: min O(log n) connection with multicut, LP relaxation max APX hard 0.7664 by rounding SDP},
  Booktitle  = {44th Annual IEEE Symposium on Foundations of Computer Science},
  Date       = {2003},
  Doi        = {10.1109/SFCS.2003.1238225},
  File       = {:home/orphee/data/projects/magnet/papers/charikarcorrelation.pdf:pdf},
  Isbn       = {978-0-7695-2040-7},
  Number     = {October 2004},
  Pages      = {524--533},
  Title      = {{Clustering with qualitative information}},
}

@Inproceedings{Charikar2004,
  Author     = {Charikar, Moses and Wirth, Anthony},
  Publisher  = {IEEE},
  Url        = {http://ieeexplore.ieee.org/lpdocs/epic03/wrapper.htm?arnumber=1366224},
  Annotation = {solve maxcorr, numaggr - numdisaggr},
  Booktitle  = {45th Annual IEEE Symposium on Foundations of Computer Science},
  Date       = {2004},
  Doi        = {10.1109/FOCS.2004.39},
  Isbn       = {978-0-7695-2228-9},
  Issn       = {0272-5428},
  Pages      = {54--60},
  Shorttitle = {Foundations of Computer Science, 2004. Proceedings},
  Title      = {{Maximizing Quadratic Programs: Extending Grothendieck's Inequality}},
}

@Inproceedings{Charikar2017,
  Author     = {Charikar, Moses and Gupta, Neha and Schwartz, Roy},
  Location   = {Waterloo, Canada},
  Url        = {http://arxiv.org/abs/1704.00355},
  Booktitle  = {19th Conference on Integer Programming and Combinatorial Optimization},
  Date       = {2017-06},
  Eprint     = {1704.00355},
  Eprinttype = {arXiv},
  Title      = {{Local Guarantees in Graph Cuts and Clustering}},
}

@Article{MulticutHardness06,
  Author       = {Chawla, Shuchi and Krauthgamer, Robert and Kumar, Ravi and Rabani, Yuval and Sivakumar, D.},
  Url          = {https://doi.org/10.1007/s00037-006-0210-9},
  Date         = {2006-06},
  Doi          = {10.1007/s00037-006-0210-9},
  Issn         = {1420-8954},
  Journaltitle = {computational complexity},
  Number       = {2},
  Pages        = {94--114},
  Title        = {{On the Hardness of Approximating Multicut and Sparsest-Cut}},
  Volume       = {15},
}

@Misc{ChawlaArxiv14,
  Author = {Chawla, Shuchi and Makarychev, Konstantin and Schramm, Tselil and Yaroslavtsev, Grigory},
  Url    = {https://arxiv.org/abs/1412.0681},
  Date   = {2014},
  Eprint = {arXiv:1412.0681},
  Title  = {{Near Optimal LP Rounding Algorithm for Correlation Clustering on Complete and Complete k-partite Graphs}},
}

@Inproceedings{Chawla2014,
  Author     = {Chawla, Shuchi and Makarychev, Konstantin and Schramm, Tselil and Yaroslavtsev, Grigory},
  Publisher  = {ACM Press},
  Booktitle  = {Proceedings of the Forty-Seventh Annual ACM on Symposium on Theory of Computing - STOC '15},
  Date       = {2015-12},
  Doi        = {10.1145/2746539.2746604},
  Eprint     = {1412.0681},
  Eprinttype = {arXiv},
  Isbn       = {978-1-4503-3536-2},
  Pages      = {219--228},
  Title      = {{Near Optimal LP Rounding Algorithm for CorrelationClustering on Complete and Complete k-partite Graphs}},
}

@Article{infmax13,
  Author       = {Chen, Wei and Lakshmanan, Laks V.S. and Castillo, Carlos},
  Date         = {2013},
  Doi          = {10.2200/S00527ED1V01Y201308DTM037},
  Journaltitle = {Synthesis Lectures on Data Management},
  Number       = {4},
  Pagetotal    = {177},
  Title        = {Information and Influence Propagation in Social Networks},
  Volume       = {5},
}

@Article{Chen14,
  Author       = {Chen, Y and Wang, X L and Yuan, B and Tang, B Z},
  Url          = {http://stacks.iop.org/1742-5468/2014/i=3/a=P03021},
  Date         = {2014},
  Doi          = {10.1088/1742-5468/2014/03/P03021},
  Eprint       = {1310.4023},
  Eprinttype   = {arXiv},
  File         = {:home/orphee/data/projects/magnet/papers/community_overlapping.pdf:pdf},
  Journaltitle = {Journal of Statistical Mechanics: Theory and Experiment},
  Number       = {3},
  Title        = {{Overlapping community detection in networks with positive and negative links}},
  Volume       = {2014},
}

@Inproceedings{TrollDetection15,
  Author    = {Cheng, Justin and Danescu-Niculescu-Mizil, Cristian and Leskovec, Jure},
  Url       = {https://www.aaai.org/ocs/index.php/ICWSM/ICWSM15/paper/view/10469},
  Booktitle = {International AAAI Conference on Web and Social Media},
  Date      = {2015},
  Title     = {Antisocial Behavior in Online Discussion Communities},
}

@Inproceedings{SignedFS17,
  Author    = {Cheng, Kewei and Li, Jundong and Liu, Huan},
  Location  = {New York, New York, USA},
  Publisher = {ACM Press},
  Url       = {http://www.public.asu.edu/$\sim$jundongl/paper/KDD17_SignedFS.pdf},
  Booktitle = {Proceedings of the 23rd ACM SIGKDD International Conference on Knowledge Discovery and Data Mining - KDD '17},
  Date      = {2017},
  Doi       = {10.1145/3097983.3098106},
  Isbn      = {978-1-4503-4887-4},
  Pages     = {777--786},
  Title     = {{Unsupervised Feature Selection in Signed Social Networks}},
}

@Inbook{AllPairStrech10,
  Author    = {Chepoi, Victor and Dragan, Feodor F. and Newman, Ilan and Rabinovich, Yuri and Vax{è}s, Yann},
  Editor    = {Serna, Maria and Shaltiel, Ronen and Jansen, Klaus and Rolim, Jos{é}},
  Location  = {Berlin, Heidelberg},
  Publisher = {Springer Berlin Heidelberg},
  Url       = {http://dx.doi.org/10.1007/978-3-642-15369-3_8},
  Booktitle = {Approximation, Randomization, and Combinatorial Optimization. Algorithms and Techniques, APPROX-RANDOM},
  Date      = {2010},
  Doi       = {10.1007/978-3-642-15369-3_8},
  Isbn      = {978-3-642-15369-3},
  Pages     = {95--109},
  Title     = {Constant Approximation Algorithms for Embedding Graph Metrics into Trees and Outerplanar Graphs},
}

@Article{circuitDesign07,
  Author       = {Chiang, C and Kahng, A B and Sinha, S and Xu, X and Zelikovsky, A Z},
  Date         = {2007-01},
  Doi          = {10.1109/TCAD.2006.882642},
  Issn         = {0278-0070},
  Journaltitle = {IEEE Transactions on Computer-Aided Design of Integrated Circuits and Systems},
  Number       = {1},
  Pages        = {115--126},
  Title        = {{Fast and Efficient Bright-Field AAPSM Conflict Detection and Correction}},
  Volume       = {26},
}

@Inproceedings{moreSignedCut12,
  Author    = {Chiang, Kai-Yang and Whang, Joyce Jiyoung and Dhillon, Inderjit S.},
  Location  = {Maui, Hawaii, USA},
  Url       = {http://doi.acm.org/10.1145/2396761.2396841},
  Booktitle = {Proceedings of the 21st ACM International Conference on Information and Knowledge Management},
  Date      = {2012},
  Doi       = {10.1145/2396761.2396841},
  Isbn      = {978-1-4503-1156-4},
  Pages     = {615--624},
  Series    = {CIKM '12},
  Title     = {Scalable Clustering of Signed Networks Using Balance Normalized Cut},
}

@Article{LowRankCompletion14,
  Author       = {Chiang, Kai-yang and Hsieh, Cho-jui and Natarajan, Nagarajan and Dhillon, Inderjit S. and Tewari, Ambuj},
  Url          = {http://jmlr.org/papers/v15/chiang14a.html},
  Date         = {2014},
  File         = {:home/orphee/data/projects/magnet/papers/jmlr/signed_networks_local_global.pdf:pdf},
  Journaltitle = {Journal of Machine Learning Research},
  Pages        = {1177--1213},
  Title        = {{Prediction and Clustering in Signed Networks: A Local to Global Perspective}},
  Volume       = {15},
}

@Inproceedings{compressSN09,
  Author    = {Chierichetti, Flavio and Kumar, Ravi and Lattanzi, Silvio and Mitzenmacher, Michael and Panconesi, Alessandro and Raghavan, Prabhakar},
  Location  = {Paris, France},
  Url       = {http://doi.acm.org/10.1145/1557019.1557049},
  Booktitle = {Proceedings of the 15th ACM SIGKDD International Conference on Knowledge Discovery and Data Mining},
  Date      = {2009},
  Doi       = {10.1145/1557019.1557049},
  Isbn      = {978-1-60558-495-9},
  Pages     = {219--228},
  Series    = {KDD '09},
  Title     = {On Compressing Social Networks},
}

@Inproceedings{Chierichetti2014,
  Author    = {Chierichetti, Flavio and Dalvi, Nilesh and Kumar, Ravi},
  Location  = {New York, New York, USA},
  Publisher = {ACM Press},
  Url       = {http://dl.acm.org/citation.cfm?id=2623330.2623743},
  Booktitle = {Proceedings of the 20th ACM SIGKDD international conference on Knowledge discovery and data mining - KDD '14},
  Date      = {2014-08},
  Doi       = {10.1145/2623330.2623743},
  File      = {:home/orphee/data/projects/magnet/papers/CC_mapreduce_p641-chierichetti.pdf:pdf},
  Isbn      = {978-1-4503-2956-9},
  Pages     = {641--650},
  Title     = {{Correlation clustering in MapReduce}},
}

@Inproceedings{SignedGang,
  Author    = {Chu, Lingyang and Wang, Zhefeng and Pei, Jian and Wang, Jiannan and Zhao, Zijin and Chen, Enhong},
  Url       = {http://www.kdd.org/kdd2016/papers/files/rpp0799-chuA.pdf},
  Booktitle = {KDD'16},
  Date      = {2016},
  Doi       = {10.1145/2939672.2939855},
  Pages     = {799--809},
  Title     = {{Finding Gangs in War from Signed Networks}},
}

@Article{linkPredCrime08,
  Author       = {Clauset, Aaron and Moore, Cristopher and Newman, M. E. J.},
  Publisher    = {Nature Publishing Group},
  Url          = {https://www.ncbi.nlm.nih.gov/pubmed/18451861/abstract},
  Date         = {2008-05},
  Doi          = {10.1038/nature06830},
  Issn         = {0028-0836},
  Journaltitle = {Nature},
  Number       = {7191},
  Pages        = {98--101},
  Title        = {Hierarchical structure and the prediction of missing links in networks},
  Volume       = {453},
}

@Inbook{Coleman2008,
  Author    = {Coleman, Tom and Saunderson, James and Wirth, Anthony},
  Editor    = {Halperin, Dan and Mehlhorn, Kurt},
  Location  = {Berlin, Heidelberg},
  Publisher = {Springer Berlin Heidelberg},
  Url       = {https://doi.org/10.1007/978-3-540-87744-8_26},
  Booktitle = {Algorithms - ESA 2008: 16th Annual European Symposium, Karlsruhe, Germany, September 15-17, 2008. Proceedings},
  Date      = {2008},
  Doi       = {10.1007/978-3-540-87744-8_26},
  Isbn      = {978-3-540-87744-8},
  Pages     = {308--319},
  Title     = {{A Local-Search 2-Approximation for 2-Correlation-Clustering}},
}

@Inproceedings{NcutAnd2CC08,
  Author    = {Coleman, Tom and Saunderson, James and Wirth, Anthony},
  Url       = {http://doi.acm.org/10.1145/1390156.1390176},
  Booktitle = {Proceedings of the 25th International Conference on Machine Learning},
  Date      = {2008},
  Doi       = {10.1145/1390156.1390176},
  Isbn      = {978-1-60558-205-4},
  Pages     = {152--159},
  Series    = {ICML '08},
  Title     = {{Spectral Clustering with Inconsistent Advice}},
}

@Thesis{nodeEmbeddingsurvey16,
  Author      = {Compagnon, Paul and Olliver, Kilian},
  Institution = {INSA Lyon},
  Url         = {http://kilianollivier.fr/graph-embedding.pdf},
  Date        = {2016},
  Subtitle    = {State of the Art},
  Title       = {Graph Embeddings for Social Network Analysis},
  Type        = {mathesis},
}

@Book{CormenAlgo09,
  Author    = {Cormen, Thomas H. and Leiserson, Charles E. and Rivest, Ronald L. and Stein, Clifford},
  Publisher = {The MIT Press},
  Url       = {https://mitpress.mit.edu/books/introduction-algorithms},
  Date      = {2009},
  Edition   = {3rd},
  Isbn      = {978-0-262-03384-8},
  Title     = {Introduction to Algorithms},
}

@Inproceedings{HRRanking13,
  Author    = {Coscia, M. and Rossetti, G. and Pennacchioli, D. and Ceccarelli, D. and Giannotti, F.},
  Booktitle = {2013 IEEE/ACM International Conference on Advances in Social Networks Analysis and Mining (ASONAM 2013)},
  Date      = {2013-08},
  Doi       = {10.1145/2492517.2492537},
  Pages     = {434--441},
  Title     = {“You know Because I Know”: A multidimensional network approach to human resources problem},
}

@Article{KantPeace15,
  Author       = {Cranmer, Skyler J. and Menninga, Elizabeth J. and Mucha, Peter J.},
  Url          = {http://www.pnas.org/content/112/38/11812.abstract},
  Date         = {2015},
  Doi          = {10.1073/pnas.1509423112},
  Eprint       = {http://www.pnas.org/content/112/38/11812.full.pdf},
  Journaltitle = {Proceedings of the National Academy of Sciences},
  Number       = {38},
  Pages        = {11812--11816},
  Title        = {Kantian fractionalization predicts the conflict propensity of the international system},
  Volume       = {112},
}

@Article{Cancer07,
  Author       = {Cui, Qinghua and Ma, Yun and Jaramillo, Maria and Bari, Hamza and Awan, Arif and Yang, Song and Zhang, Simo and Liu, Lixue and Lu, Meng and O'Connor-McCourt, Maureen and Purisima, Enrico O and Wang, Edwin},
  Publisher    = {EMBO Press},
  Url          = {http://msb.embopress.org/content/3/1/152},
  Date         = {2007},
  Doi          = {10.1038/msb4100200},
  Eprint       = {http://msb.embopress.org/content/3/1/152.full.pdf},
  Issn         = {1744-4292},
  Journaltitle = {Molecular Systems Biology},
  Number       = {1},
  Title        = {A map of human cancer signaling},
  Volume       = {3},
}

@Article{ComplexNetworksApp11,
  Author       = {da Fontoura Costa, Luciano and Jr., Osvaldo N. Oliveira and Travieso, Gonzalo and Rodrigues, Francisco Aparecido and Boas, Paulino Ribeiro Villas and Antiqueira, Lucas and Viana, Matheus Palhares and Rocha, Luis Enrique Correa},
  Publisher    = {Taylor \& Francis},
  Date         = {2011},
  Doi          = {10.1080/00018732.2011.572452},
  Journaltitle = {Advances in Physics},
  Number       = {3},
  Pages        = {329--412},
  Title        = {Analyzing and modeling real-world phenomena with complex networks: a survey of applications},
  Volume       = {60},
}

@Article{FPAMulticut14,
  Author       = {{Dániel Marx and Igor Razgon}},
  Url          = {https://doi.org/10.1137/110855247},
  Date         = {2014},
  Doi          = {10.1137/110855247},
  Journaltitle = {SIAM Journal on Computing},
  Number       = {2},
  Pages        = {355--388},
  Title        = {{Fixed-Parameter Tractability of Multicut Parameterized by the Size of the Cutset}},
  Volume       = {43},
}

@Article{Das2015,
  Author       = {Das, Shreepriya and Vikalo, Haris},
  Url          = {http://www.biomedcentral.com/1471-2164/16/260},
  Annotation   = {Introduce a fast way to solve SDP when the solution is known to be of low rank},
  Date         = {2015-01},
  Doi          = {10.1186/s12864-015-1408-5},
  File         = {:home/orphee/.local/share/data/Mendeley Ltd./Mendeley Desktop/Downloaded/Das, Vikalo - 2015 - SDhaP haplotype assembly for diploids and polyploids via semi-definite programming.pdf:pdf},
  Issn         = {1471-2164},
  Journaltitle = {BMC genomics},
  Number       = {1},
  Pages        = {260},
  Title        = {{SDhaP: haplotype assembly for diploids and polyploids via semi-definite programming.}},
  Volume       = {16},
}

@Article{monotoneBiology07,
  Author       = {DasGupta, Bhaskar and Enciso, German Andres and Sontag, Eduardo and Zhang, Yi},
  Url          = {http://www.sciencedirect.com/science/article/pii/S0303264706001419},
  Date         = {2007-07},
  Doi          = {10.1016/j.biosystems.2006.08.001},
  Issn         = {03032647},
  Journaltitle = {Biosystems},
  Number       = {1},
  Pages        = {161--178},
  Title        = {{Algorithmic and complexity results for decompositions of biological networks into monotone subsystems}},
  Volume       = {90},
}

@Inbook{SATSolver13,
  Author    = {Davies, Jessica and Bacchus, Fahiem},
  Editor    = {J{ä}rvisalo, Matti and {Van Gelder}, Allen},
  Location  = {Berlin, Heidelberg},
  Publisher = {Springer Berlin Heidelberg},
  Url       = {https://doi.org/10.1007/978-3-642-39071-5_13},
  Booktitle = {16th International Conference on Theory and Applications of Satisfiability Testing, SAT 2013, Helsinki, Finland, July 8-12, 2013},
  Date      = {2013},
  Doi       = {10.1007/978-3-642-39071-5_13},
  Isbn      = {978-3-642-39071-5},
  Pages     = {166--181},
  Title     = {{Exploiting the Power of mip Solvers in maxsat}},
}

@Article{davis1967clustering,
  Author       = {Davis, James A},
  Url          = {http://journals.sagepub.com/doi/10.1177/001872676702000206},
  Date         = {1967-05},
  Doi          = {10.1177/001872676702000206},
  Issn         = {0018-7267},
  Journaltitle = {Human Relations},
  Number       = {2},
  Pages        = {181--187},
  Title        = {{Clustering and Structural Balance in Graphs}},
  Volume       = {20},
}

@Article{DeBacco2017,
  Author       = {{De Bacco}, Caterina and Power, Eleanor A. and Larremore, Daniel B. and Moore, Cristopher},
  Url          = {http://arxiv.org/abs/1701.01369 http://link.aps.org/doi/10.1103/PhysRevE.95.042317},
  Date         = {2017-04},
  Doi          = {10.1103/PhysRevE.95.042317},
  Eprint       = {1701.01369},
  Eprinttype   = {arXiv},
  Issn         = {2470-0045},
  Journaltitle = {Physical Review E},
  Number       = {4},
  Pages        = {042317},
  Title        = {{Community detection, link prediction, and layer interdependence in multilayer networks}},
  Volume       = {95},
}

@Article{communityWeakTies14,
  Author       = {De Meo, Pasquale and Ferrara, Emilio and Fiumara, Giacomo and Provetti, Alessandro},
  Url          = {http://doi.acm.org/10.1145/2629438},
  Date         = {2014-10},
  Doi          = {10.1145/2629438},
  Issn         = {0001-0782},
  Journaltitle = {Commun. ACM},
  Number       = {11},
  Pages        = {78--84},
  Title        = {{On Facebook, Most Ties Are Weak}},
  Volume       = {57},
}

@Inbook{de2008pagetrust,
  Author    = {de Kerchove, Cristobald and Dooren, Paul Van},
  Url       = {http://epubs.siam.org/doi/abs/10.1137/1.9781611972788.31},
  Booktitle = {Proceedings of the 2008 SIAM International Conference on Data Mining},
  Date      = {2008},
  Doi       = {10.1137/1.9781611972788.31},
  Pages     = {346--352},
  Title     = {The PageTrust algorithm: How to rank web pages when negative links are allowed?},
}

@Inbook{Demaine2003,
  Author    = {Demaine, Erik D. and Immorlica, Nicole},
  Editor    = {Arora, Sanjeev and Jansen, Klaus and Rolim, Jos{é} D P and Sahai, Amit},
  Location  = {Berlin, Heidelberg},
  Publisher = {Springer Berlin Heidelberg},
  Booktitle = {6th International Workshop on Approximation Algorithms for Combinatorial Optimization Problems, APPROX 2003, Princeton, USA},
  Date      = {2003},
  Doi       = {10.1007/978-3-540-45198-3_1},
  Isbn      = {978-3-540-45198-3},
  Pages     = {1--13},
  Title     = {{Correlation Clustering with Partial Information}},
}

@Article{Demaine2006,
  Author       = {Demaine, Erik D. and Emanuel, Dotan and Fiat, Amos and Immorlica, Nicole},
  Url          = {http://linkinghub.elsevier.com/retrieve/pii/S0304397506003227 http://erikdemaine.org/papers/Clustering_TCS/paper.pdf},
  Annotation   = {Closely related to Charikar2003 Minimizing disagreements is easier to approximate than maximizing agreements O(log n) approx by rounding a LP Two-way reduction from/to weighted multicut problem brings APX-hardness (section 4) give some practical application in section 5},
  Date         = {2006-09},
  Doi          = {10.1016/j.tcs.2006.05.008},
  File         = {:home/orphee/data/projects/magnet/papers/correlation_clutering06.pdf:pdf},
  Issn         = {03043975},
  Journaltitle = {Theoretical Computer Science},
  Number       = {2-3},
  Pages        = {172--187},
  Title        = {{Correlation clustering in general weighted graphs}},
  Volume       = {361},
}

@Article{journalism15,
  Author       = {Diakopoulos, Nicholas},
  Url          = {https://isojjournal.wordpress.com/2015/04/15/picking-the-nyt-picks-editorial-criteria-and-automation-in-the-curation-of-online-news-comments},
  Date         = {2015},
  Issn         = {2328-0662},
  Journaltitle = {International Symposium on Online Journalism Journal},
  Number       = {1},
  Pages        = {147--166},
  Title        = {{Picking the NYT Picks: Editorial Criteria and Automation in the Curation of Online News Comments}},
  Volume       = {5},
}

@Inproceedings{Manager07,
  Author    = {Diehl, Christopher P. and Namata, Galileo and Getoor, Lise},
  Location  = {Vancouver, British Columbia, Canada},
  Publisher = {AAAI Press},
  Booktitle = {Proceedings of the 22nd National Conference on Artificial Intelligence},
  Date      = {2007},
  Isbn      = {978-1-57735-323-2},
  Pages     = {546--552},
  Series    = {AAAI'07},
  Title     = {Relationship Identification for Social Network Discovery},
}

@Article{Early96,
  Author       = {Doreian, Patrick and Mrvar, Andrej},
  Url          = {http://www.sciencedirect.com/science/article/pii/0378873395002596},
  Date         = {1996},
  Doi          = {10.1016/0378-8733(95)00259-6},
  Issn         = {0378-8733},
  Journaltitle = {Social Networks},
  Number       = {2},
  Pages        = {149--168},
  Title        = {{A partitioning approach to structural balance}},
  Volume       = {18},
}

@Article{parameterizedConsensus14,
  Author       = {Dörnfelder, Martin and Guo, Jiong and Komusiewicz, Christian and Weller, Mathias},
  Url          = {http://www.sciencedirect.com/science/article/pii/S030439751400351X},
  Date         = {2014},
  Doi          = {10.1016/j.tcs.2014.05.002},
  Issn         = {0304-3975},
  Journaltitle = {Theoretical Computer Science},
  Pages        = {71--82},
  Title        = {On the parameterized complexity of consensus clustering},
  Volume       = {542},
}

@Inproceedings{ConsensusLP10,
  Author    = {Downing, Nicholas and Stuckey, Peter J. and Wirth, Anthony},
  Location  = {Brisbane, Australia},
  Publisher = {Australian Computer Society, Inc.},
  Url       = {http://dl.acm.org/citation.cfm?id=1862199.1862206},
  Booktitle = {Proceedings of the Thirty-Third Australasian Conference on Computer Science - Volume 102},
  Date      = {2010},
  Isbn      = {978-1-920682-83-5},
  Pages     = {61--70},
  Series    = {ACSC '10},
  Title     = {Improved Consensus Clustering via Linear Programming},
}

@Inbook{GRASP13,
  Author    = {Drummond, L{ú}cia and Figueiredo, Rosa and Frota, Yuri and Levorato, M{á}rio},
  Editor    = {Demey, Yan Tang and Panetto, Herv{é}},
  Location  = {Berlin, Heidelberg},
  Publisher = {Springer Berlin Heidelberg},
  Url       = {https://doi.org/10.1007/978-3-642-41033-8_85},
  Booktitle = {On the Move to Meaningful Internet Systems: OTM 2013, Graz, Austria, September 9 - 13},
  Date      = {2013},
  Doi       = {10.1007/978-3-642-41033-8_85},
  Isbn      = {978-3-642-41033-8},
  Pages     = {674--683},
  Title     = {{Efficient Solution of the Correlation Clustering Problem: An Application to Structural Balance}},
}

@Book{dpbook,
  Author    = {Dubhashi, Devdatt P. and Panconesi, Alessandro},
  Publisher = {Cambridge University Press},
  Date      = {2009-08},
  Doi       = {10.1017/CBO9780511581274},
  Isbn      = {978-0-521-88427-3},
  Title     = {Concentration of Measure for the Analysis of Randomized Algorithms},
}

@Article{facebookFriend16,
  Author       = {Dunbar, R. I. M.},
  Publisher    = {The Royal Society},
  Url          = {http://rsos.royalsocietypublishing.org/content/3/1/150292},
  Date         = {2016},
  Doi          = {10.1098/rsos.150292},
  Eprint       = {http://rsos.royalsocietypublishing.org/content/3/1/150292.full.pdf},
  Journaltitle = {Open Science},
  Number       = {1},
  Title        = {Do online social media cut through the constraints that limit the size of offline social networks?},
  Volume       = {3},
}

@Inbook{articlesMultiSim11,
  Author    = {Dunlavy, Daniel M. and Kolda, Tamara G. and Kegelmeyer, W. Philip},
  Url       = {http://epubs.siam.org/doi/abs/10.1137/1.9780898719918.ch7},
  Booktitle = {Graph Algorithms in the Language of Linear Algebra},
  Chapter   = {7},
  Date      = {2011},
  Doi       = {10.1137/1.9780898719918.ch7},
  Eprint    = {http://www.cs.sandia.gov/~dmdunla/publications/DuKoKe10.pdf},
  Pages     = {85--114},
  Title     = {Multilinear Algebra for Analyzing Data with Multiple Linkages},
}

@Incollection{BookKleinberg2010,
  Author    = {Easley, David and Kleinberg, Jon},
  Publisher = {Cambridge University Press},
  Url       = {http://www.cs.cornell.edu/home/kleinber/networks-book/},
  Booktitle = {Networks, Crowds, and Markets: Reasoning about a Highly Connected World},
  Chapter   = {5},
  Date      = {2010},
  Isbn      = {978-0-521-19533-1},
  Pages     = {119--152},
  Title     = {{Chapter 5 Positive and Negative Relationships}},
}

@Article{matching65,
  Author       = {Edmonds, Jack},
  Publisher    = {Canadian Mathematical Society},
  Url          = {https://doi.org/10.4153/cjm-1965-045-4},
  Date         = {1965-02},
  Doi          = {10.4153/cjm-1965-045-4},
  Journaltitle = {{Canadian Journal of Mathematics}},
  Pages        = {449--467},
  Title        = {{Paths, trees, and flowers}},
  Volume       = {17},
}

@Article{SparseSC13,
  Author       = {Elhamifar, E. and Vidal, R.},
  Date         = {2013-11},
  Doi          = {10.1109/TPAMI.2013.57},
  Issn         = {0162-8828},
  Journaltitle = {IEEE Transactions on Pattern Analysis and Machine Intelligence},
  Number       = {11},
  Pages        = {2765--2781},
  Title        = {Sparse Subspace Clustering: Algorithm, Theory, and Applications},
  Volume       = {35},
}

@Inproceedings{LowerStretch05,
  Author    = {Elkin, Michael and Emek, Yuval and Spielman, Daniel A. and Teng, Shang-Hua},
  Location  = {Baltimore, MD, USA},
  Publisher = {ACM},
  Url       = {http://doi.acm.org/10.1145/1060590.1060665},
  Booktitle = {Proceedings of the Thirty-seventh Annual ACM Symposium on Theory of Computing},
  Date      = {2005},
  Doi       = {10.1145/1060590.1060665},
  Isbn      = {978-1-58113-960-0},
  Pages     = {494--503},
  Series    = {STOC '05},
  Title     = {Lower-stretch Spanning Trees},
}

@Article{SpannerNPHard07,
  Author       = {Elkin, Michael and Peleg, David},
  Url          = {https://doi.org/10.1007/s00224-006-1266-2},
  Date         = {2007-12},
  Doi          = {10.1007/s00224-006-1266-2},
  Issn         = {1433-0490},
  Journaltitle = {Theory of Computing Systems},
  Number       = {4},
  Pages        = {691--729},
  Title        = {The Hardness of Approximating Spanner Problems},
  Volume       = {41},
}

@Inproceedings{Spanner17,
  Author    = {Elkin, Michael and Neiman, Ofer},
  Location  = {Barcelona, Spain},
  Url       = {http://dl.acm.org/citation.cfm?id = 3039686.3039728},
  Booktitle = {Proceedings of the Twenty-Eighth Annual ACM-SIAM Symposium on Discrete Algorithms},
  Date      = {2017},
  Pages     = {652--669},
  Series    = {SODA '17},
  Title     = {Efficient Algorithms for Constructing Very Sparse Spanners and Emulators},
}

@Inproceedings{Elsner2009,
  Author     = {Elsner, Micha and Schudy, Warren},
  Location   = {Boulder, Colorado},
  Publisher  = {Association for Computational Linguistics},
  Url        = {http://dl.acm.org/citation.cfm?id=1611638.1611641},
  Annotation = {compare CC heuristic to the bound of the optimal solution as given by a SDP relaxation and show that best performing are within few percents of it, if followed by a post process local search},
  Booktitle  = {Proceedings of the Workshop on Integer Linear Programming for Natural Langauge Processing},
  Date       = {2009-06},
  File       = {:home/orphee/data/projects/magnet/papers/ilp_consensus_p19-elsner.pdf:pdf},
  Isbn       = {978-1-932432-35-0},
  Pages      = {19--27},
  Title      = {{Bounding and comparing methods for correlation clustering beyond ILP}},
}

@Inbook{Emanuel2003,
  Author    = {Emanuel, Dotan and Fiat, Amos},
  Editor    = {{Di Battista}, Giuseppe and Zwick, Uri},
  Location  = {Berlin, Heidelberg},
  Publisher = {Springer Berlin Heidelberg},
  Booktitle = {11th Annual European Symposium on Algorithms, ESA 2003, Budapest, Hungary},
  Date      = {2003},
  Doi       = {10.1007/978-3-540-39658-1_21},
  Isbn      = {978-3-540-39658-1},
  Pages     = {208--220},
  Title     = {{Correlation Clustering: Minimizing Disagreements on Arbitrary Weighted Graphs}},
}

@Article{erdos1959random,
  Author       = {Erdős, Paul and Rényi, Alfréd},
  Date         = {1959},
  Journaltitle = {Publicationes Mathematicae},
  Pages        = {290--297},
  Title        = {{On random graphs I}},
  Volume       = {6},
}

@Article{measureUnbalance14,
  Author       = {Estrada, Ernesto and Benzi, Michele},
  Publisher    = {American Physical Society},
  Url          = {https://link.aps.org/doi/10.1103/PhysRevE.90.042802},
  Date         = {2014-10},
  Doi          = {10.1103/PhysRevE.90.042802},
  Journaltitle = {Phys. Rev. E},
  Number       = {4},
  Pages        = {42802},
  Title        = {{Walk-based measure of balance in signed networks: Detecting lack of balance in social networks}},
  Volume       = {90},
}

@Article{euler1741,
  Author       = {Euler, Leonhard},
  Date         = {1741},
  File         = {http://eulerarchive.maa.org/docs/originals/E053.pdf},
  Journaltitle = {Commentarii academiae scientiarum Petropolitanae},
  Pages        = {128--140},
  Title        = {Solutio problematis ad geometriam situs pertinentis},
  Volume       = {8},
}

@Article{LineGraph09,
  Author       = {Evans, T. S. and Lambiotte, R.},
  Publisher    = {American Physical Society},
  Url          = {https://link.aps.org/doi/10.1103/PhysRevE.80.016105},
  Date         = {2009-07},
  Doi          = {10.1103/PhysRevE.80.016105},
  Eprint       = {arXiv:0903.2181},
  Issue        = {1},
  Journaltitle = {Phys. Rev. E},
  Pages        = {016105},
  Title        = {Line graphs, link partitions, and overlapping communities},
  Volume       = {80},
}

@Article{Facchetti2011isingmodel,
  Author       = {Facchetti, Giuseppe and Iacono, Giovanni and Altafini, Claudio},
  Url          = {http://www.pnas.org/cgi/doi/10.1073/pnas.1109521108},
  Date         = {2011-12},
  Doi          = {10.1073/pnas.1109521108},
  Issn         = {1091-6490},
  Journaltitle = {Proceedings of the National Academy of Sciences of the United States of America},
  Number       = {52},
  Pages        = {20953--8},
  Title        = {{Computing global structural balance in large-scale signed social networks.}},
  Volume       = {108},
}

@Inproceedings{lognMetricBoundConf03,
  Author    = {Fakcharoenphol, Jittat and Rao, Satish and Talwar, Kunal},
  Location  = {San Diego, CA, USA},
  Url       = {http://doi.acm.org/10.1145/780542.780608},
  Booktitle = {Proceedings of the Thirty-fifth Annual ACM Symposium on Theory of Computing},
  Date      = {2003},
  Doi       = {10.1145/780542.780608},
  Isbn      = {978-1-58113-674-6},
  Pages     = {448--455},
  Series    = {STOC '03},
  Title     = {A Tight Bound on Approximating Arbitrary Metrics by Tree Metrics},
}

@Article{AttributedCommunity16,
  Author       = {Fang, Yixiang and Cheng, Reynold and Luo, Siqiang and Hu, Jiafeng},
  Publisher    = {VLDB Endowment},
  Url          = {http://dx.doi.org/10.14778/2994509.2994538},
  Date         = {2016-08},
  Doi          = {10.14778/2994509.2994538},
  Issn         = {2150-8097},
  Journaltitle = {Proc. VLDB Endow.},
  Number       = {12},
  Pages        = {1233--1244},
  Title        = {Effective Community Search for Large Attributed Graphs},
  Volume       = {9},
}

@Article{ExactMIP13,
  Author       = {Figueiredo, Rosa and Moura, Gisele},
  Url          = {http://www.sciencedirect.com/science/article/pii/S0378873313000774},
  Date         = {2013},
  Doi          = {10.1016/j.socnet.2013.09.002},
  Issn         = {0378-8733},
  Journaltitle = {Social Networks},
  Number       = {4},
  Pages        = {639--651},
  Title        = {{Mixed integer programming formulations for clustering problems related to structural balance}},
  Volume       = {35},
}

@Inproceedings{EarlyConsensusClustering03,
  Author    = {Filkov, V. and Skiena, S.},
  Booktitle = {15th IEEE International Conference on Tools with Artificial Intelligence},
  Date      = {2003-11},
  Doi       = {10.1109/TAI.2003.1250220},
  Issn      = {1082-3409},
  Pages     = {418--426},
  Title     = {Integrating microarray data by consensus clustering},
}

@Inbook{Filkov08,
  Author    = {Filkov, Vladimir and Goder, Andrey},
  Url       = {http://epubs.siam.org/doi/abs/10.1137/1.9781611972887.11},
  Booktitle = {Proceedings of the Tenth Workshop on Algorithm Engineering and Experiments (ALENEX)},
  Chapter   = {10},
  Date      = {2008},
  Doi       = {10.1137/1.9781611972887.11},
  Pages     = {109--117},
  Title     = {{Consensus Clustering Algorithms: Comparison and Refinement}},
}

@Inproceedings{GreedyOpt16,
  Author    = {Filtser, Arnold and Solomon, Shay},
  Location  = {Chicago, Illinois, USA},
  Url       = {http://doi.acm.org/10.1145/2933057.2933114},
  Booktitle = {Proceedings of the 2016 ACM Symposium on Principles of Distributed Computing},
  Date      = {2016},
  Doi       = {10.1145/2933057.2933114},
  Isbn      = {978-1-4503-3964-3},
  Pages     = {9--17},
  Series    = {PODC '16},
  Title     = {The Greedy Spanner is Existentially Optimal},
}

@Article{Fomin2014,
  Author       = {Fomin, Fedor V. and Kratsch, Stefan and Pilipczuk, Marcin and Pilipczuk, Micha{ł} and Villanger, Yngve},
  Url          = {http://www.sciencedirect.com/science/article/pii/S0022000014000592},
  Date         = {2014-11},
  Doi          = {10.1016/j.jcss.2014.04.015},
  Eprint       = {1112.4419},
  Eprinttype   = {arXiv},
  Issn         = {00220000},
  Journaltitle = {Journal of Computer and System Sciences},
  Number       = {7},
  Pages        = {1430--1447},
  Title        = {{Tight bounds for parameterized complexity of Cluster Editing with a small number of clusters}},
  Volume       = {80},
}

@Article{FortunatoSurvey10,
  Author       = {Fortunato, Santo},
  Url          = {http://www.sciencedirect.com/science/article/pii/S0370157309002841},
  Date         = {2010},
  Doi          = {10.1016/j.physrep.2009.11.002},
  Issn         = {0370-1573},
  Journaltitle = {Physics Reports},
  Number       = {3},
  Pages        = {75--174},
  Title        = {{Community detection in graphs}},
  Volume       = {486},
}

@Article{Fortunato2016,
  Author       = {Fortunato, Santo and Hric, Darko},
  Url          = {http://arxiv.org/abs/1608.00163 http://linkinghub.elsevier.com/retrieve/pii/S0370157316302964},
  Date         = {2016-11},
  Doi          = {10.1016/j.physrep.2016.09.002},
  Eprint       = {1608.00163},
  Eprinttype   = {arXiv},
  Issn         = {03701573},
  Journaltitle = {Physics Reports},
  Pages        = {1--44},
  Title        = {{Community detection in networks: A user guide}},
  Volume       = {659},
}

@Article{FrankWolfe56,
  Author       = {Frank, Marguerite and Wolfe, Philip},
  Publisher    = {Wiley Subscription Services},
  Url          = {http://dx.doi.org/10.1002/nav.3800030109},
  Date         = {1956},
  Doi          = {10.1002/nav.3800030109},
  Issn         = {1931-9193},
  Journaltitle = {Naval Research Logistics Quarterly},
  Number       = {1-2},
  Pages        = {95--110},
  Title        = {An algorithm for quadratic programming},
  Volume       = {3},
}

@Inproceedings{Crosslingual07,
  Author    = {Gael, Jurgen Van and Zhu, Xiaojin},
  Url       = {http://ijcai.org/Proceedings/07/Papers/282.pdf},
  Booktitle = {{IJCAI} 2007, Proceedings of the 20th International Joint Conference on Artificial Intelligence, Hyderabad, India, January 6-12, 2007},
  Date      = {2007},
  Pages     = {1744--1749},
  Title     = {{Correlation Clustering for Crosslingual Link Detection}},
}

@Article{RegulonDB16,
  Author       = {Gama-Castro, Socorro and Salgado, Heladia and Santos-Zavaleta, Alberto and Ledezma-Tejeida, Daniela and Muñiz-Rascado, Luis and García-Sotelo, Jair Santiago and Alquicira-Hernández, Kevin and Martínez-Flores, Irma and Pannier, Lucia and Castro-Mondragón, Jaime Abraham and Medina-Rivera, Alejandra and Solano-Lira, Hilda and Bonavides-Martínez, César and Pérez-Rueda, Ernesto and Alquicira-Hernández, Shirley and Porrón-Sotelo, Liliana and López-Fuentes, Alejandra and Hernández-Koutoucheva, Anastasia and Moral-Chávez, Víctor Del and Rinaldi, Fabio and Collado-Vides, Julio},
  Date         = {2016},
  Doi          = {10.1093/nar/gkv1156},
  Journaltitle = {Nucleic Acids Research},
  Number       = {D1},
  Pages        = {D133--D143},
  Title        = {RegulonDB version 9.0: high-level integration of gene regulation, coexpression, motif clustering and beyond},
  Volume       = {44},
}

@Article{quasiGang16,
  Author       = {Gao, Ming and Lim, Ee-Peng and Lo, David and Prasetyo, Philips Kokoh},
  Date         = {2016-01},
  Doi          = {10.1007/s10618-015-0405-2},
  Issn         = {1573-756X},
  Journaltitle = {Data Mining and Knowledge Discovery},
  Number       = {1},
  Pages        = {99--146},
  Title        = {On detecting maximal quasi antagonistic communities in signed graphs},
  Volume       = {30},
}

@Inproceedings{RegionGrowing93,
  Author    = {Garg, Naveen and Vazirani, Vijay V and Yannakakis, Mihalis},
  Url       = {http://doi.acm.org/10.1145/167088.167266},
  Booktitle = {Proceedings of the Twenty-fifth Annual ACM Symposium on Theory of Computing},
  Date      = {1993},
  Doi       = {10.1145/167088.167266},
  Isbn      = {978-0-89791-591-5},
  Pages     = {698--707},
  Series    = {STOC '93},
  Title     = {{Approximate Max-flow Min-(Multi)Cut Theorems and Their Applications}},
}

@Incollection{balancedNews17,
  Author     = {Garimella, Kiran and Gionis, Aristides and Parotsidis, Nikos and Tatti, Nikolaj},
  Publisher  = {Curran Associates, Inc.},
  Booktitle  = {Advances in Neural Information Processing Systems 30},
  Date       = {2017},
  Eprint     = {arXiv:1709.01491},
  Eprinttype = {arXiv},
  Title      = {Balancing Information Exposure in Social Networks},
}

@Article{DirectedReciprocity04,
  Author       = {Garlaschelli, Diego and Loffredo, Maria I.},
  Publisher    = {American Physical Society},
  Date         = {2004-12},
  Doi          = {10.1103/PhysRevLett.93.268701},
  Issn         = {1079-7114},
  Issue        = {26},
  Journaltitle = {Physical Review Letters},
  Pages        = {268701},
  Title        = {Patterns of Link Reciprocity in Directed Networks},
  Volume       = {93},
}

@Article{Gentile2013,
  Author       = {Gentile, Claudio and Herbster, Mark and Pasteris, Stephen},
  Url          = {http://jmlr.org/proceedings/papers/v30/Gentile13.pdf},
  Annotation   = {equivalence between classification of node and similarity no convenient algorithm even when structure is known use adaptation of Matrix Winnow and perceptron on randomly sampled spanning tree with unknown graph, use a r-norm perceptron and build a spanning tree on the fly},
  Date         = {2013-02},
  Eprint       = {1302.7263},
  Eprinttype   = {arXiv},
  File         = {:home/orphee/data/projects/magnet/papers/ghp13v2.pdf:pdf},
  Journaltitle = {JMLR Workshop and Conference Proceedings},
  Pages        = {1--34},
  Title        = {{Online Similarity Prediction of Networked Data from Known and Unknown Graphs}},
  Volume       = {30},
}

@Article{gilbertRG59,
  Author       = {{Gilbert}, E.N.},
  Language     = {English},
  Publisher    = {Institute of Mathematical Statistics},
  Date         = {1959},
  Doi          = {10.1214/aoms/1177706098},
  Issn         = {0003-4851},
  Journaltitle = {{Ann. Math. Stat.}},
  Pages        = {1141--1144},
  Title        = {{Random graphs}},
  Volume       = {30},
}

@Article{Gionis2007,
  Author       = {Gionis, Aristides and Mannila, Heikki and Tsaparas, Panayiotis},
  Publisher    = {ACM},
  Url          = {http://dl.acm.org/citation.cfm?id=1217299.1217303},
  Annotation   = {relation from consensus to correlation 4 algos + sampling approach a 3 deterministic approx experiments gives applicationsn of consensus clustering, not directly of CC},
  Date         = {2007-03},
  Doi          = {10.1145/1217299.1217303},
  File         = {:home/orphee/data/projects/magnet/papers/consensus_gionis.pdf:pdf},
  Issn         = {15564681},
  Journaltitle = {ACM Transactions on Knowledge Discovery from Data},
  Number       = {1},
  Pages        = {4--es},
  Title        = {{Clustering aggregation}},
  Volume       = {1},
}

@Article{Giotis2006,
  Author       = {Giotis, Ioannis and Guruswami, Venkatesan},
  Publisher    = {Society for Industrial and Applied Mathematics},
  Url          = {http://dl.acm.org/citation.cfm?id=1109557.1109686 http://www.theoryofcomputing.org/articles/v002a013},
  Annotation   = {when k is fixed, both max and min admit a PTAS. Simpler NP-hardness proof from Graph Min Bisection},
  Date         = {2006-01},
  Doi          = {10.4086/toc.2006.v002a013},
  File         = {:home/orphee/data/projects/magnet/papers/fixed_k_PTAS.pdf:pdf},
  Isbn         = {978-0-89871-605-4},
  Issn         = {1557-2862},
  Journaltitle = {Theory of Computing},
  Number       = {1},
  Pages        = {249--266},
  Title        = {{Correlation clustering with a fixed number of clusters}},
  Volume       = {2},
}

@Article{MaxCutSDP95,
  Author       = {Goemans, Michel X. and Williamson, David P.},
  Url          = {http://doi.acm.org/10.1145/227683.227684},
  Date         = {1995-11},
  Doi          = {10.1145/227683.227684},
  Issn         = {0004-5411},
  Journaltitle = {Journal of the ACM},
  Number       = {6},
  Pages        = {1115--1145},
  Title        = {{Improved Approximation Algorithms for Maximum Cut and Satisfiability Problems Using Semidefinite Programming}},
  Volume       = {42},
}

@Article{OSNreview14,
  Author       = {Golder, Scott A. and Macy, Michael W.},
  Date         = {2014},
  Doi          = {10.1146/annurev-soc-071913-043145},
  Journaltitle = {Annual Review of Sociology},
  Number       = {1},
  Pages        = {129--152},
  Title        = {Digital Footprints: Opportunities and Challenges for Online Social Research},
  Volume       = {40},
}

@Article{Shape3D17,
  Author       = {Gori, Giorgio and Sheffer, Alla and Vining, Nicholas and Rosales, Enrique and Carr, Nathan and Ju, Tao},
  Url          = {http://doi.acm.org/10.1145/3072959.3073639},
  Date         = {2017},
  Doi          = {10.1145/3072959.3073639},
  Issn         = {0730-0301},
  Journaltitle = {ACM Transactions on Graphics},
  Number       = {4},
  Pages        = {59:1--59:14},
  Title        = {{FlowRep: Descriptive Curve Networks for Free-form Design Shapes}},
  Volume       = {36},
}

@Inproceedings{CCCheuristic16,
  Author    = {Gothania, J. and Buksh, B.},
  Booktitle = {International Conference on Advances in Computing, Communications and Informatics (ICACCI)},
  Date      = {2016-09},
  Doi       = {10.1109/ICACCI.2016.7732322},
  Pages     = {1870--1874},
  Title     = {A fast chromatic correlation clustering algorithm},
}

@Inproceedings{node2vec16,
  Author    = {Grover, Aditya and Leskovec, Jure},
  Url       = {http://www.kdd.org/kdd2016/papers/files/Paper_218.pdf},
  Booktitle = {KDD'16},
  Date      = {2016},
  Title     = {{node2vec: Scalable Feature Learning for Networks}},
}

@Article{grunwald2005tutorial,
  Author       = {Gr{ü}nwald, Peter},
  Publisher    = {MIT Press},
  Date         = {2005},
  Eprint       = {arXiv:math/0406077},
  Journaltitle = {Advances in minimum description length: Theory and applications},
  Pages        = {23--81},
  Title        = {A tutorial introduction to the minimum description length principle},
}

@Inproceedings{guha2004propagation,
  Author       = {Guha, Ramanthan and Kumar, Ravi and Raghavan, Prabhakar and Tomkins, Andrew},
  Location     = {New York, New York, USA},
  Organization = {ACM},
  Publisher    = {ACM Press},
  Url          = {http://portal.acm.org/citation.cfm?doid=988672.988727},
  Booktitle    = {Proceedings of the 13th conference on World Wide Web - WWW '04},
  Date         = {2004},
  Doi          = {10.1145/988672.988727},
  Isbn         = {978-1-58113-844-3},
  Pages        = {403},
  Title        = {{Propagation of trust and distrust}},
}

@Inbook{mLAST17,
  Author     = {Gupta, Anupam and Ravi, R. and Talwar, Kunal and Umboh, Seeun William},
  Booktitle  = {Proceedings of the Twenty-Eighth Annual ACM-SIAM Symposium on Discrete Algorithms},
  Date       = {2017-01},
  Doi        = {10.1137/1.9781611974782.38},
  Eprint     = {arXiv:1611.00052},
  Eprinttype = {arXiv},
  Pages      = {589--599},
  Title      = {LAST but not Least: Online Spanners for Buy-at-Bulk},
}

@Incollection{inductiveRepresentation17,
  Author     = {Hamilton, William L. and Ying, Rex and Leskovec, Jure},
  Publisher  = {Curran Associates, Inc.},
  Booktitle  = {Advances in Neural Information Processing Systems 30},
  Date       = {2017},
  Eprint     = {arXiv:1706.02216},
  Eprinttype = {arXiv},
  Title      = {Inductive Representation Learning on Large Graphs},
}

@Article{harary1953,
  Author       = {Harary, Frank},
  Publisher    = {University of Michigan, Department of Mathematics},
  Url          = {http://dx.doi.org/10.1307/mmj/1028989917},
  Date         = {1953},
  Doi          = {10.1307/mmj/1028989917},
  Journaltitle = {Michigan Math. J.},
  Number       = {2},
  Pages        = {143--146},
  Title        = {{On the notion of balance of a signed graph}},
  Volume       = {2},
}

@Article{portfolio02,
  Author       = {Harary, Frank and Lim, Meng‐Hiot and Wunsch, Donald C},
  Date         = {2002},
  Doi          = {10.1093/imaman/13.3.201},
  Journaltitle = {IMA Journal of Management Mathematics},
  Number       = {3},
  Pages        = {201--210},
  Title        = {{Signed graphs for portfolio analysis in risk management}},
  Volume       = {13},
}

@Article{Hardaker10,
  Author       = {Hardaker, Claire},
  Date         = {2010},
  Doi          = {10.1515/jplr.2010.011},
  Journaltitle = {Journal of Politeness Research. Language, Behaviour, Culture},
  Number       = {2},
  Pages        = {215--242},
  Title        = {{Trolling in asynchronous computer-mediated communication: From user discussions to academic definitions}},
  Volume       = {6},
}

@Inproceedings{signedText12,
  Author    = {Hassan, Ahmed and Abu-Jbara, Amjad and Radev, Dragomir},
  Location  = {Jeju, Republic of Korea},
  Publisher = {Association for Computational Linguistics},
  Url       = {http://dl.acm.org/citation.cfm?id = 2392954.2392956},
  Booktitle = {Workshop on Graph-based Methods for Natural Language Processing},
  Date      = {2012},
  Pages     = {6--14},
  Series    = {TextGraphs-7 '12},
  Title     = {{Extracting Signed Social Networks from Text}},
}

@Article{DeDup09,
  Author       = {Hassanzadeh, Oktie and Chiang, Fei and Lee, Hyun Chul and Miller, Ren{é}e J.},
  Publisher    = {VLDB Endowment},
  Url          = {http://dl.acm.org/citation.cfm?id=1687627.1687771},
  Annotation   = {one application of CC is duplicate detection or entity resolution},
  Date         = {2009-08},
  Doi          = {10.14778/1687627.1687771},
  Issn         = {21508097},
  Journaltitle = {Proceedings of the VLDB Endowment},
  Number       = {1},
  Pages        = {1282--1293},
  Title        = {{Framework for evaluating clustering algorithms in duplicate detection}},
  Volume       = {2},
}

@Article{Heider46,
  Author       = {Heider, Fritz},
  Annotation   = {PMID: 21010780},
  Date         = {1946},
  Doi          = {10.1080/00223980.1946.9917275},
  Journaltitle = {The Journal of Psychology},
  Number       = {1},
  Pages        = {107--112},
  Title        = {{Attitudes and Cognitive Organization}},
  Volume       = {21},
}

@Book{HeiderBook58,
  Author    = {Heider, Fritz},
  Location  = {Hoboken, NJ, US},
  Publisher = {John Wiley & Sons Inc},
  Date      = {1958},
  Doi       = {10.1037/10628-000},
  Pages     = {326},
  Title     = {{The psychology of interpersonal relations}},
}

@Incollection{HP07,
  Author    = {Herbster, Mark and Pontil, Massimiliano},
  Editor    = {Schölkopf, P. B. and Platt, J. C. and Hoffman, T.},
  Publisher = {MIT Press},
  Url       = {http://papers.nips.cc/paper/3100-prediction-on-a-graph-with-a-perceptron.pdf},
  Booktitle = {Advances in Neural Information Processing Systems 19},
  Date      = {2007},
  Pages     = {577--584},
  Title     = {Prediction on a Graph with a Perceptron},
}

@Incollection{HLP09,
  Author    = {Herbster, Mark and Lever, Guy and Pontil, Massimiliano},
  Editor    = {Koller, D. and Schuurmans, D. and Bengio, Y. and Bottou, L.},
  Publisher = {Curran Associates, Inc.},
  Url       = {http://papers.nips.cc/paper/3475-online-prediction-on-large-diameter-graphs.pdf},
  Booktitle = {Advances in Neural Information Processing Systems 21},
  Date      = {2009},
  Pages     = {649--656},
  Title     = {Online Prediction on Large Diameter Graphs},
}

@Incollection{HPV12,
  Author    = {Herbster, Mark and Pasteris, Stephen and Vitale, Fabio},
  Editor    = {Pereira, F. and Burges, C. J. C. and Bottou, L. and Weinberger, K. Q.},
  Publisher = {Curran Associates, Inc.},
  Url       = {http://papers.nips.cc/paper/4586-online-sum-product-computation-over-trees.pdf},
  Booktitle = {Advances in Neural Information Processing Systems 25},
  Date      = {2012},
  Pages     = {2870--2878},
  Title     = {{Online Sum-Product Computation Over Trees}},
}

@Incollection{HPG15,
  Author    = {Herbster, Mark and Pasteris, Stephen and Ghosh, Shaona},
  Editor    = {Cortes, C. and Lawrence, N. D. and Lee, D. D. and Sugiyama, M. and Garnett, R.},
  Publisher = {Curran Associates, Inc.},
  Url       = {http://papers.nips.cc/paper/5690-online-prediction-at-the-limit-of-zero-temperature.pdf},
  Booktitle = {Advances in Neural Information Processing Systems 28},
  Date      = {2015},
  Pages     = {2935--2943},
  Title     = {{Online Prediction at the Limit of Zero Temperature}},
}

@Article{hl81,
  Author       = {Holland, Paul W. and Leinhardt, Samuel},
  Url          = {http://www.tandfonline.com/doi/abs/10.1080/01621459.1981.10477598},
  Date         = {1981},
  Doi          = {10.1080/01621459.1981.10477598},
  Eprint       = {http://www.tandfonline.com/doi/pdf/10.1080/01621459.1981.10477598},
  Journaltitle = {Journal of the American Statistical Association},
  Number       = {373},
  Pages        = {33--50},
  Title        = {An Exponential Family of Probability Distributions for Directed Graphs},
  Volume       = {76},
}

@Article{Hong2013,
  Author       = {Hong, Wenxing and Li, Lei and Li, Tao and Pan, Wenfu},
  Url          = {http://dl.acm.org/citation.cfm?id=2488199},
  Date         = {2013},
  Doi          = {10.1145/2487575.2488199},
  File         = {:home/orphee/Dropbox/Reciprocal recommendation/p1177-hong.pdf:pdf},
  Isbn         = {978-1-4503-2174-7},
  Journaltitle = {Proceedings of the 19th ACM SIGKDD international conference on Knowledge discovery and data mining. ACM},
  Pages        = {1177--1185},
  Title        = {{iHR: an online recruiting system for Xiamen Talent Service Center}},
}

@Article{Hou2016,
  Author       = {Hou, Jack P. and Emad, Amin and Puleo, Gregory J. and Ma, Jian and Milenkovic, Olgica},
  Publisher    = {Addison-Wesley, Reading, MA},
  Url          = {https://academic.oup.com/bioinformatics/article-lookup/doi/10.1093/bioinformatics/btw546 https://arxiv.org/abs/1601.06476},
  Date         = {2016-12},
  Doi          = {10.1093/bioinformatics/btw546},
  Eprint       = {1601.06476},
  Eprinttype   = {arXiv},
  Journaltitle = {Bioinformatics},
  Number       = {24},
  Pages        = {3717--3728},
  Title        = {{A new correlation clustering method for cancer mutation analysis}},
  Volume       = {32},
}

@Article{FortunatoGroundTruth14,
  Author       = {Hric, Darko and Darst, Richard K. and Fortunato, Santo},
  Publisher    = {American Physical Society},
  Url          = {http://link.aps.org/doi/10.1103/PhysRevE.90.062805},
  Date         = {2014-12},
  Doi          = {10.1103/PhysRevE.90.062805},
  Issue        = {6},
  Journaltitle = {Phys. Rev. E},
  Pages        = {062805},
  Title        = {Community detection in networks: Structural communities versus ground truth},
  Volume       = {90},
}

@Article{Requirements74,
  Author       = {Hu, T. C.},
  Date         = {1974},
  Doi          = {10.1137/0203015},
  Journaltitle = {SIAM Journal on Computing},
  Number       = {3},
  Pages        = {188--195},
  Title        = {Optimum Communication Spanning Trees},
  Volume       = {3},
}

@Inbook{AANE17,
  Author    = {Huang, Xiao and Li, Jundong and Hu, Xia},
  Booktitle = {Proceedings of the 2017 SIAM International Conference on Data Mining},
  Date      = {2017},
  Doi       = {10.1137/1.9781611974973.71},
  Pages     = {633--641},
  Series    = {SDM'17},
  Title     = {Accelerated Attributed Network Embedding},
}

@Article{Huang2015,
  Author       = {Huang, Xin and Cheng, Hong and Yu, Jeffrey Xu},
  Publisher    = {Elsevier Inc.},
  Url          = {http://linkinghub.elsevier.com/retrieve/pii/S0020025515002480},
  Date         = {2015-09},
  Doi          = {10.1016/j.ins.2015.03.075},
  Issn         = {00200255},
  Journaltitle = {Information Sciences},
  Pages        = {77--99},
  Title        = {{Dense community detection in multi-valued attributed networks}},
  Volume       = {314},
}

@Article{Huffner2010,
  Author       = {H{ü}ffner, Falk and Betzler, Nadja and Niedermeier, Rolf},
  Url          = {http://dx.doi.org/10.1007/s10878-009-9212-2},
  Date         = {2010},
  Doi          = {10.1007/s10878-009-9212-2},
  Issn         = {1573-2886},
  Journaltitle = {Journal of Combinatorial Optimization},
  Number       = {4},
  Pages        = {335--360},
  Title        = {{Separator-based data reduction for signed graph balancing}},
  Volume       = {20},
}

@Article{homoAttitude78,
  Author       = {Huston, Ted L. and Levinger, George},
  Date         = {1978-02},
  Doi          = {10.1146/annurev.ps.29.020178.000555},
  Journaltitle = {Annual Review of Psychology},
  Number       = {1},
  Pages        = {115--156},
  Title        = {{Interpersonal Attraction and Relationships}},
  Volume       = {29},
}

@Inproceedings{evolSecurity04,
  Author    = {Idé, Tsuyoshi and Kashima, Hisashi},
  Location  = {Seattle, WA, USA},
  Url       = {http://doi.acm.org/10.1145/1014052.1014102},
  Booktitle = {Proceedings of the Tenth ACM SIGKDD International Conference on Knowledge Discovery and Data Mining},
  Date      = {2004},
  Doi       = {10.1145/1014052.1014102},
  Isbn      = {978-1-58113-888-7},
  Pages     = {440--449},
  Series    = {KDD '04},
  Title     = {Eigenspace-based Anomaly Detection in Computer Systems},
}

@Inbook{surveyCC16,
  Author    = {Il'ev, Victor and Il'eva, Svetlana and Kononov, Alexander},
  Editor    = {Kochetov, Yury and Khachay, Michael and Beresnev, Vladimir and Nurminski, Evgeni and Pardalos, Panos},
  Location  = {Cham},
  Publisher = {Springer International Publishing},
  Url       = {https://doi.org/10.1007/978-3-319-44914-2_3},
  Booktitle = {Discrete Optimization and Operations Research: 9th International Conference, DOOR 2016, Vladivostok, Russia, September 19-23, 2016, Proceedings},
  Date      = {2016},
  Doi       = {10.1007/978-3-319-44914-2_3},
  File      = {:home/orphee/data/projects/magnet/papers/cc_survey_16.pdf:pdf},
  Isbn      = {978-3-319-44914-2},
  Pages     = {25--36},
  Title     = {{Short Survey on Graph Correlation Clustering with Minimization Criteria}},
}

@Article{SIGNet17,
  Author     = {Islam, Mohammad Raihanul and Prakash, B. Aditya and Ramakrishnan, Naren},
  Url        = {http://arxiv.org/abs/1702.06819},
  Date       = {2017-02},
  Eprint     = {1702.06819},
  Eprinttype = {arXiv},
  Title      = {{SIGNet: Scalable Embeddings for Signed Networks}},
}

@Inproceedings{Jaggi2013a,
  Author    = {Jaggi, Martin},
  Booktitle = {{P}roceedings of the 30th {I}nternational {C}onference on {M}achine {L}earning},
  Date      = {2013},
  Title     = {{R}evisiting {F}rank-{W}olfe: {P}rojection-{F}ree {S}parse {C}onvex {O}ptimization},
}

@Article{Jiang2015,
  Author       = {Jiang, Jonathan Q.},
  Url          = {http://arxiv.org/abs/1501.00594 http://journals.aps.org/pre/abstract/10.1103/PhysRevE.91.062805},
  Annotation   = {EM algo to fit a model},
  Date         = {2015-06},
  Doi          = {10.1103/PhysRevE.91.062805},
  Eprint       = {1501.00594},
  Eprinttype   = {arXiv},
  File         = {:home/orphee/data/projects/magnet/papers/community_blockmodel.pdf:pdf},
  Issn         = {1539-3755},
  Journaltitle = {Physical Review E},
  Number       = {6},
  Title        = {{Stochastic block model and exploratory analysis in signed networks}},
  Volume       = {91},
}

@Inproceedings{Joachims2005,
  Author     = {Joachims, Thorsten and Hopcroft, John},
  Location   = {New York, New York, USA},
  Publisher  = {ACM Press},
  Url        = {http://dl.acm.org/citation.cfm?id=1102351.1102400},
  Annotation = {Our analysis makes three contribution. First, we define a model in which we derive finite-sample error bounds for correlation clustering. Second, we study the asymptotic behavior of correlation clustering with respect to the density of the graph and the scaling of cluster sizes. And finally, we propose a statistical test for evaluating the significance of a clustering.},
  Booktitle  = {Proceedings of the 22nd international conference on Machine learning - ICML '05},
  Date       = {2005-08},
  Doi        = {10.1145/1102351.1102400},
  File       = {:home/orphee/data/projects/magnet/papers/icml2005_JoachimsH05.pdf:pdf},
  Isbn       = {978-1-59593-180-1},
  Pages      = {385--392},
  Title      = {{Error bounds for correlation clustering}},
}

@Incollection{WeightedTheta15,
  Author    = {Johansson, Fredrik D and Chattoraj, Ankani and Bhattacharyya, Chiranjib and Dubhashi, Devdatt},
  Editor    = {Cortes, C. and Lawrence, N. D. and Lee, D. D. and Sugiyama, M. and Garnett, R.},
  Publisher = {Curran Associates, Inc.},
  Url       = {http://papers.nips.cc/paper/5902-weighted-theta-functions-and-embeddings-with-applications-to-max-cut-clustering-and-summarization.pdf},
  Booktitle = {Advances in Neural Information Processing Systems 28},
  Date      = {2015},
  Pages     = {1018--1026},
  Title     = {Weighted Theta Functions and Embeddings with Applications to Max-Cut, Clustering and Summarization},
}

@Article{Johnson1978,
  Author       = {Johnson, D. S. and Lenstra, J. K. and Kan, A. H. G. Rinnooy},
  Url          = {http://doi.wiley.com/10.1002/net.3230080402},
  Date         = {1978},
  Doi          = {10.1002/net.3230080402},
  Issn         = {00283045},
  Journaltitle = {Networks},
  Number       = {4},
  Pages        = {279--285},
  Title        = {{The complexity of the network design problem}},
  Volume       = {8},
}

@Article{Juvonen08,
  Author       = {Juvonen, Jaana and Gross, Elisheva F.},
  Date         = {2008},
  Doi          = {10.1111/j.1746-1561.2008.00335.x},
  Journaltitle = {Journal of School Health},
  Number       = {9},
  Pages        = {496--505},
  Title        = {Extending the School Grounds?—Bullying Experiences in Cyberspace},
  Volume       = {78},
}

@Article{ports3kindofships10,
  Author       = {Kaluza, Pablo and K{ö}lzsch, Andrea and Gastner, Michael T. and Blasius, Bernd},
  Publisher    = {The Royal Society},
  Url          = {http://rsif.royalsocietypublishing.org/content/7/48/1093},
  Date         = {2010},
  Doi          = {10.1098/rsif.2009.0495},
  Eprint       = {http://rsif.royalsocietypublishing.org/content/7/48/1093.full.pdf},
  Issn         = {1742-5689},
  Journaltitle = {Journal of The Royal Society Interface},
  Number       = {48},
  Pages        = {1093--1103},
  Title        = {The complex network of global cargo ship movements},
  Volume       = {7},
}

@Inproceedings{activeCoref07,
  Author    = {Kanani, Pallika and McCallum, Andrew and Pal, Chris},
  Location  = {Hyderabad, India},
  Url       = {http://dl.acm.org/citation.cfm?id = 1625275.1625343},
  Booktitle = {Proceedings of the 20th International Joint Conference on Artifical Intelligence},
  Date      = {2007},
  Pages     = {429--434},
  Series    = {IJCAI'07},
  Title     = {Improving Author Coreference by Resource-bounded Information Gathering from the Web},
}

@Inbook{queryMoreEdgeCC07,
  Author    = {Kanani, Pallika and McCallum, Andrew},
  Editor    = {Bshouty, Nader H and Gentile, Claudio},
  Location  = {Berlin, Heidelberg},
  Publisher = {Springer Berlin Heidelberg},
  Url       = {https://doi.org/10.1007/978-3-540-72927-3_46},
  Booktitle = {Learning Theory: 20th Annual Conference on Learning Theory, COLT 2007, San Diego, CA, USA; June 13-15},
  Date      = {2007},
  Doi       = {10.1007/978-3-540-72927-3_46},
  Isbn      = {978-3-540-72927-3},
  Pages     = {625--627},
  Title     = {{Resource-Bounded Information Gathering for Correlation Clustering}},
}

@Article{Kappes2016,
  Author       = {Kappes, J{ö}rg Hendrik and Swoboda, Paul and Savchynskyy, Bogdan and Hazan, Tamir and Schn{ö}rr, Christoph},
  Url          = {http://arxiv.org/abs/1601.02088 http://link.springer.com/10.1007/s10851-016-0659-3},
  Date         = {2016-10},
  Doi          = {10.1007/s10851-016-0659-3},
  Eprint       = {1601.02088},
  Eprinttype   = {arXiv},
  Issn         = {0924-9907},
  Journaltitle = {Journal of Mathematical Imaging and Vision},
  Number       = {2},
  Pages        = {221--237},
  Title        = {{Multicuts and Perturb \& MAP for Probabilistic Graph Clustering}},
  Volume       = {56},
}

@Article{circle2k89,
  Author       = {Karp, Richard M},
  Date         = {1989-08},
  Journaltitle = {Manuscript},
  Title        = {{A 2$k$-competitive algorithm for the circle}},
}

@Inproceedings{LinearMinPTAS09,
  Author    = {Karpinski, Marek and Schudy, Warren},
  Url       = {http://dl.acm.org/citation.cfm?id=1536458},
  Booktitle = {Proceedings of the Forty-first Annual ACM Symposium on Theory of Computing},
  Date      = {2009},
  Doi       = {10.1145/1536414.1536458},
  Isbn      = {978-1-60558-506-2},
  Pages     = {313--322},
  Series    = {STOC '09},
  Title     = {{Linear Time Approximation Schemes for the Gale-Berlekamp Game and Related Minimization Problems}},
}

@Article{Kataoka2016,
  Author       = {Kataoka, Shun and Kobayashi, Takuto and Yasuda, Muneki and Tanaka, Kazuyuki},
  Url          = {http://arxiv.org/abs/1608.00920 http://journals.jps.jp/doi/10.7566/JPSJ.85.114802},
  Date         = {2016-11},
  Doi          = {10.7566/JPSJ.85.114802},
  Eprint       = {1608.00920},
  Eprinttype   = {arXiv},
  Issn         = {0031-9015},
  Journaltitle = {Journal of the Physical Society of Japan},
  Number       = {11},
  Pages        = {114802},
  Title        = {{Community Detection Algorithm Combining Stochastic Block Model and Attribute Data Clustering}},
  Volume       = {85},
}

@Article{RecoFlickrMulti11,
  Author       = {Kazienko, P. and Musial, K. and Kajdanowicz, T.},
  Date         = {2011-07},
  Doi          = {10.1109/TSMCA.2011.2132707},
  Issn         = {1083-4427},
  Journaltitle = {IEEE Transactions on Systems, Man, and Cybernetics - Part A: Systems and Humans},
  Number       = {4},
  Pages        = {746--759},
  Title        = {Multidimensional Social Network in the Social Recommender System},
  Volume       = {41},
}

@Article{EcoChile15,
  Author       = {Kéfi, Sonia and Berlow, Eric L. and Wieters, Evie A. and Joppa, Lucas N. and Wood, Spencer A. and Brose, Ulrich and Navarrete, Sergio A.},
  Publisher    = {Ecological Society of America},
  Url          = {http://dx.doi.org/10.1890/13-1424.1},
  Date         = {2015},
  Doi          = {10.1890/13-1424.1},
  Issn         = {1939-9170},
  Journaltitle = {Ecology},
  Number       = {1},
  Pages        = {291--303},
  Title        = {Network structure beyond food webs: mapping non-trophic and trophic interactions on Chilean rocky shores},
  Volume       = {96},
}

@Article{infmaxKempe15,
  Author       = {Kempe, David and Kleinberg, Jon and Tardos, Éva},
  Url          = {http://www.theoryofcomputing.org/articles/v011a004},
  Date         = {2015},
  Doi          = {10.4086/toc.2015.v011a004},
  Journaltitle = {Theory of Computing},
  Number       = {4},
  Pages        = {105--147},
  Title        = {Maximizing the Spread of Influence through a Social Network},
  Volume       = {11},
}

@Inbook{drawingSignedGraphs11,
  Author     = {Kermarrec, Anne-Marie and Thraves, Christopher},
  Editor     = {Murlak, Filip and Sankowski, Piotr},
  Location   = {Warsaw, Poland},
  Publisher  = {Springer Berlin Heidelberg},
  Booktitle  = {Proceedings of the 36th International Symposium on Mathematical Foundations of Computer Science},
  Date       = {2011},
  Doi        = {10.1007/978-3-642-22993-0_36},
  Eprint     = {arXiv:1405.5023},
  Eprinttype = {arXiv},
  Eventdate  = {2011-08-22/2011-08-26},
  Isbn       = {978-3-642-22993-0},
  Pages      = {388--399},
  Series     = {MFCS'11},
  Title      = {Can Everybody Sit Closer to Their Friends Than Their Enemies?},
}

@Inproceedings{UGC02,
  Author    = {Khot, Subhash},
  Location  = {Montreal, Quebec, Canada},
  Url       = {http://doi.acm.org/10.1145/509907.510017},
  Booktitle = {Proceedings of the Thiry-fourth Annual ACM Symposium on Theory of Computing},
  Date      = {2002},
  Doi       = {10.1145/509907.510017},
  Isbn      = {978-1-58113-495-7},
  Pages     = {767--775},
  Series    = {STOC '02},
  Title     = {{On the Power of Unique 2-prover 1-round Games}},
}

@Inproceedings{Kille2015,
  Author    = {Kille, Benjamin and Abel, Fabian},
  Location  = {New York, New York, USA},
  Publisher = {ACM Press},
  Url       = {http://crowdrecworkshop.org/papers/Crowd4JobRec.pdf http://dl.acm.org/citation.cfm?doid=2792838.2799496},
  Booktitle = {Proceedings of the 9th ACM Conference on Recommender Systems - RecSys '15},
  Date      = {2015},
  Doi       = {10.1145/2792838.2799496},
  File      = {:home/orphee/Dropbox/Reciprocal recommendation/Crowd4JobRec.pdf:pdf},
  Isbn      = {978-1-4503-3692-5},
  Pages     = {230--235},
  Title     = {{We Know Where You Should Work Next Summer: Job Recommendations}},
}

@Inproceedings{Kim2011,
  Author     = {Kim, Sungwoong and Nowozin, Sebastian and Kohli, Pushmeet and Yoo, Chang D.},
  Url        = {http://papers.nips.cc/paper/4406-higher-order-correlation-clustering-for-image-segmentation},
  Annotation = {Define a LP relaxation over hypergraph in sec. 2. But it's tangled with image segmentation and learning similarity by applying S-SVM on feature vectors},
  Booktitle  = {Advances in Neural Information Processing Systems},
  Date       = {2011},
  File       = {:home/orphee/data/projects/magnet/papers/4406-higher-order-correlation-clustering-for-image-segmentation.pdf:pdf},
  Pages      = {1530--1538},
  Title      = {{Higher-Order Correlation Clustering for Image Segmentation}},
}

@Inproceedings{Adam15,
  Author     = {Kingma, Diederik P. and Ba, Jimmy},
  Location   = {San Diego, California, USA},
  Booktitle  = {3rd International Conference for Learning Representations},
  Date       = {2015},
  Eprint     = {arXiv:1412.6980},
  Eprinttype = {arXiv},
  Series     = {ICLR'15},
  Title      = {Adam: A Method for Stochastic Optimization},
}

@Article{SimulatedAnnealing83,
  Author       = {Kirkpatrick, S and Gelatt, C D and Vecchi, M P},
  Publisher    = {American Association for the Advancement of Science},
  Url          = {http://science.sciencemag.org/content/220/4598/671},
  Date         = {1983},
  Doi          = {10.1126/science.220.4598.671},
  Issn         = {0036-8075},
  Journaltitle = {Science},
  Number       = {4598},
  Pages        = {671--680},
  Title        = {{Optimization by Simulated Annealing}},
  Volume       = {220},
}

@Article{Kivela2014,
  Author       = {Kivela, M. and Arenas, A. and Barthelemy, M. and Gleeson, J. P. and Moreno, Y. and Porter, M. A.},
  Language     = {en},
  Publisher    = {Oxford University Press},
  Url          = {http://comnet.oxfordjournals.org/content/2/3/203.full},
  Date         = {2014-07},
  Doi          = {10.1093/comnet/cnu016},
  Issn         = {2051-1310},
  Journaltitle = {Journal of Complex Networks},
  Number       = {3},
  Pages        = {203--271},
  Title        = {{Multilayer networks}},
  Volume       = {2},
}

@Article{BioSigned09,
  Author       = {Klamt, Steffen and von Kamp, Axel},
  Date         = {2009},
  Doi          = {10.1186/1471-2105-10-181},
  Issn         = {1471-2105},
  Journaltitle = {BMC Bioinformatics},
  Number       = {1},
  Pages        = {181},
  Title        = {Computing paths and cycles in biological interaction graphs},
  Volume       = {10},
}

@Article{electricalNetworks60,
  Author       = {Knight, U. G. W.},
  Date         = {1960-04},
  Doi          = {10.1049/jiee-3.1960.0122},
  Journaltitle = {Electrical Engineers, Journal of the Institution of},
  Number       = {64},
  Pages        = {228--230},
  Title        = {Logical design of electrical networks},
  Volume       = {6},
}

@Report{Knyazev2017l,
  Author      = {Knyazev, Andrew V.},
  Institution = {MERL - Mitsubishi Electric Research Laboratories},
  Location    = {Cambridge, MA 02139},
  Url         = {http://www.merl.com/publications/TR2017-001},
  Date        = {2017-01},
  Eprint      = {arXiv:1701.01394},
  Eprinttype  = {arXiv},
  Number      = {TR2017-001},
  Title       = {{Signed Laplacian for Spectral Clustering Revisited}},
  Type        = {techreport},
}

@Article{tensorReview09,
  Author       = {Kolda, Tamara G. and Bader, Brett W.},
  Date         = {2009},
  Doi          = {10.1137/07070111X},
  Journaltitle = {SIAM Review},
  Number       = {3},
  Pages        = {455--500},
  Title        = {Tensor Decompositions and Applications},
  Volume       = {51},
}

@Book{Konig36,
  Author      = {K{ö}nig, Dënes},
  Location    = {Leipzig},
  Publisher   = {Akademische Verlagsgesellschaft},
  Date        = {1936},
  Doi         = {10.1007/978-1-4684-8971-2_2},
  Related     = {Konig90},
  Relatedtype = {bytranslator},
  Title       = {Theorie der endlichen und unendlichen Graphen},
}

@Inproceedings{TighterSDD11,
  Author    = {Koutis, I. and Miller, G. L. and Peng, R.},
  Booktitle = {52nd Annual IEEE Symposium on Foundations of Computer Science},
  Date      = {2011-10},
  Doi       = {10.1109/FOCS.2011.85},
  Issn      = {0272-5428},
  Pages     = {590--598},
  Title     = {{A Nearly-$m\log n$ Time Solver for SDD Linear Systems}},
}

@Article{otherCCproblem09,
  Author       = {Kriegel, Hans-Peter and Kröger, Peer and Zimek, Arthur},
  Url          = {http://doi.acm.org/10.1145/1497577.1497578},
  Date         = {2009-03},
  Doi          = {10.1145/1497577.1497578},
  Issn         = {1556-4681},
  Journaltitle = {ACM Trans. Knowl. Discov. Data},
  Number       = {1},
  Pages        = {1:1--1:58},
  Title        = {Clustering High-dimensional Data: A Survey on Subspace Clustering, Pattern-based Clustering, and Correlation Clustering},
  Volume       = {3},
}

@Article{Krzywicki2015,
  Author       = {Krzywicki, A. and Wobcke, W. and Kim, Y.S. and Cai, X. and Bain, M. and Mahidadia, A. and Compton, P.},
  Url          = {http://linkinghub.elsevier.com/retrieve/pii/S1071581914001669},
  Date         = {2015-04},
  Doi          = {10.1016/j.ijhcs.2014.12.003},
  File         = {:home/orphee/Dropbox/Reciprocal recommendation/CF_dating_1-s2.0-S1071581914001669-main.pdf:pdf},
  Issn         = {10715819},
  Journaltitle = {International Journal of Human-Computer Studies},
  Pages        = {50--66},
  Title        = {{Collaborative Filtering for people-to-people recommendation in online dating: Data analysis and user trial}},
  Volume       = {76},
}

@Article{topEigenvalue92,
  Author       = {Kuczyński, J. and Woźniakowski, H.},
  Date         = {1992},
  Doi          = {10.1137/0613066},
  Journaltitle = {SIAM Journal on Matrix Analysis and Applications},
  Number       = {4},
  Pages        = {1094--1122},
  Title        = {{Estimating the Largest Eigenvalue by the Power and Lanczos Algorithms with a Random Start}},
  Volume       = {13},
}

@Inproceedings{kumar2016structure,
  Author    = {Kumar, Srijan},
  Location  = {Montr{é}al, Qu{é}bec, Canada},
  Url       = {http://cs.umd.edu/$\sim$srijan/citations http://dl.acm.org/citation.cfm?id=2889391},
  Booktitle = {Proceedings of the 25th World Wide Web conference},
  Date      = {2016},
  Doi       = {10.1145/2872518.2889391},
  Pages     = {63--64},
  Title     = {{Structure and Dynamics of Signed Citation Networks}},
}

@Inproceedings{edgeWeights16,
  Author    = {Kumar, Srijan and Spezzano, Francesca and Subrahmanian, V.S. and Faloutsos, Christos},
  Booktitle = {2016 IEEE 16th International Conference on Data Mining (ICDM)},
  Date      = {2016-12},
  Doi       = {10.1109/ICDM.2016.0033},
  Pages     = {221--230},
  Title     = {Edge Weight Prediction in Weighted Signed Networks},
}

@Inproceedings{Kunegis2009,
  Author     = {Kunegis, J{é}r{ô}me and Lommatzsch, Andreas and Bauckhage, Christian},
  Location   = {New York, New York, USA},
  Publisher  = {ACM Press},
  Url        = {http://portal.acm.org/citation.cfm?doid=1526709.1526809},
  Annotation = {global characteristics (the clustering coefficient, node-level characteristics such as centrality and popularity measures, and link-level characteristics such as distances and similarity measures) and identifying unpopular users, sign prediction. multiplicative transitivity is valid in Slashdot as showed by signed clustering coefficient ranking user by centrality using spectral methods (tailored to signed networks) signed link prediction using exponential kernel},
  Booktitle  = {Proceedings of the 18th international conference on World wide web - WWW '09},
  Date       = {2009},
  Doi        = {10.1145/1526709.1526809},
  File       = {:home/orphee/data/projects/magnet/papers/kunegis09slashdot.pdf:pdf},
  Isbn       = {978-1-60558-487-4},
  Pages      = {741},
  Title      = {{The Slashdot Zoo: Mining a Social Network with Negative Edges}},
}

@Inbook{Luca10,
  Author    = {Kunegis, J{é}r{ô}me and Schmidt, Stephan and Lommatzsch, Andreas and Lerner, J{ü}rgen and {De Luca}, Ernesto W. and Albayrak, Sahin},
  Location  = {Philadelphia, PA},
  Publisher = {Society for Industrial and Applied Mathematics},
  Url       = {http://epubs.siam.org/doi/abs/10.1137/1.9781611972801.49},
  Booktitle = {Proceedings of the 2010 SIAM International Conference on Data Mining},
  Chapter   = {48},
  Date      = {2010-04},
  Doi       = {10.1137/1.9781611972801.49},
  File      = {:home/orphee/data/projects/magnet/papers/signed_vizu.pdf:pdf},
  Pages     = {559--570},
  Title     = {{Spectral Analysis of Signed Graphs for Clustering, Prediction and Visualization}},
}

@Inproceedings{trollSign17,
  Author    = {{Le Falher}, G{é}raud and Cesa-Bianchi, Nicolo and Gentile, Claudio and Vitale, Fabio},
  Editor    = {Singh, Aarti and Zhu, Jerry},
  Location  = {Fort Lauderdale, FL, USA},
  Publisher = {PMLR},
  Url       = {http://proceedings.mlr.press/v54/falher17a.html},
  Booktitle = {Proceedings of the 20th International Conference on Artificial Intelligence and Statistics},
  Date      = {2017},
  Pages     = {402--411},
  Series    = {AISTATS'17},
  Title     = {{On the Troll-Trust Model for Edge Sign Prediction in Social Networks}},
  Volume    = {54},
}

@Inproceedings{Hellinger14,
  Author    = {Lebret, Rémi and Collobert, Ronan},
  Publisher = {Association for Computational Linguistics},
  Url       = {http://ronan.collobert.com/pub/matos/2014_hellinger_eacl.pdf},
  Booktitle = {Proceedings of the 14th Conference of the European Chapter of the Association for Computational Linguistics},
  Date      = {2014},
  Pages     = {482--490},
  Series    = {EACL'14},
  Title     = {Word Embeddings through Hellinger PCA},
}

@Inproceedings{Leskovec2010,
  Author     = {Leskovec, Jure and Huttenlocher, Daniel and Kleinberg, Jon},
  Location   = {New York, New York, USA},
  Publisher  = {ACM Press},
  Url        = {http://portal.acm.org/citation.cfm?doid=1772690.1772756},
  Annotation = {edge sign prediction in 3 directed networks using local edges features compare with balance & status and look for global structure it would imply},
  Booktitle  = {Proceedings of the 19th international conference on World wide web - WWW '10},
  Date       = {2010},
  Doi        = {10.1145/1772690.1772756},
  File       = {:home/orphee/data/projects/magnet/papers/www10-signed.pdf:pdf},
  Isbn       = {978-1-60558-799-8},
  Pages      = {641},
  Title      = {{Predicting positive and negative links in online social networks}},
}

@Incollection{LeskovecEgo12,
  Author     = {Leskovec, Jure and Mcauley, Julian J.},
  Editor     = {Pereira, F. and Burges, C. J. C. and Bottou, L. and Weinberger, K. Q.},
  Publisher  = {Curran Associates, Inc.},
  Url        = {http://papers.nips.cc/paper/4532-learning-to-discover-social-circles-in-ego-networks.pdf},
  Booktitle  = {Advances in Neural Information Processing Systems 25},
  Date       = {2012},
  Eprint     = {arXiv:1210.8182},
  Eprinttype = {arXiv},
  Pages      = {539--547},
  Title      = {Learning to Discover Social Circles in Ego Networks},
}

@Thesis{AdvogatoTrustThesis02,
  Author      = {Levien, Raphael L.},
  Institution = {University of California at Berkeley},
  Url         = {http://www.levien.com/thesis/thesis.pdf},
  Date        = {2002},
  Title       = {Attack resistant trust metrics},
  Type        = {phdthesis},
}

@Inbook{energyCCBench17,
  Author    = {Levinkov, Evgeny and Kirillov, Alexander and Andres, Bjoern},
  Editor    = {Roth, Volker and Vetter, Thomas},
  Location  = {Basel, Switzerland},
  Publisher = {Springer International Publishing},
  Url       = {https://doi.org/10.1007/978-3-319-66709-6_9},
  Booktitle = {Proceedings of the 39th German Conference on Pattern Recognition},
  Date      = {2017-09},
  Doi       = {10.1007/978-3-319-66709-6_9},
  Eventdate = {2017-09-12/2017-09-15},
  Isbn      = {978-3-319-66709-6},
  Pages     = {103--114},
  Series    = {GCPR 2017},
  Title     = {A Comparative Study of Local Search Algorithms for Correlation Clustering},
}

@Inproceedings{Levorato2015,
  Author     = {Levorato, M{á}rio and Drummond, Lucia and Frota, Yuri and Figueiredo, Rosa},
  Location   = {New York, New York, USA},
  Publisher  = {ACM Press},
  Url        = {http://dl.acm.org/citation.cfm?doid=2695664.2695689},
  Annotation = {test a smallish graph n<10000},
  Booktitle  = {Proceedings of the 30th Annual ACM Symposium on Applied Computing - SAC '15},
  Date       = {2015-04},
  Doi        = {10.1145/2695664.2695689},
  Isbn       = {978-1-4503-3196-8},
  Pages      = {1117--1122},
  Title      = {{An ILS algorithm to evaluate structural balance in signed social networks}},
}

@Article{Levorato2017,
  Author       = {Levorato, M{á}rio and Figueiredo, Rosa and Frota, Yuri and Drummond, L{ú}cia},
  Url          = {https://doi.org/10.1007/s13675-017-0082-6},
  Date         = {2017-01},
  Doi          = {10.1007/s13675-017-0082-6},
  File         = {:home/orphee/data/projects/magnet/papers/levorato2017.pdf:pdf},
  Issn         = {2192-4414},
  Journaltitle = {EURO Journal on Computational Optimization},
  Title        = {{Evaluating balancing on social networks through the efficient solution of correlation clustering problems}},
}

@Article{BrazilCC17,
  Author       = {Levorato, M{á}rio and Frota, Yuri},
  Url          = {http://jimis.episciences.org/3185},
  Date         = {2017},
  Doi          = {10.18713/JIMIS-280217-2-3},
  Journaltitle = {Journal of Interdisciplinary Methodologies and Issues in Sciences},
  Number       = {Graphs and social systems},
  Title        = {{Brazilian Congress structural balance analysis}},
  Volume       = {2},
}

@Incollection{WordEmbeddingAsFactorization14,
  Author    = {Levy, Omer and Goldberg, Yoav},
  Editor    = {Ghahramani, Z. and Welling, M. and Cortes, C. and Lawrence, N. D. and Weinberger, K. Q.},
  Publisher = {Curran Associates, Inc.},
  Url       = {http://papers.nips.cc/paper/5477-neural-word-embedding-as-implicit-matrix-factorization},
  Booktitle = {Advances in Neural Information Processing Systems 27},
  Date      = {2014},
  Pages     = {2177--2185},
  Title     = {Neural Word Embedding as Implicit Matrix Factorization},
}

@Inproceedings{DynamicEmbedding17,
  Author     = {Li, Jundong and Dani, Harsh and Hu, Xia and Tang, Jiliang and Chang, Yi and Liu, Huan},
  Location   = {Singapore},
  Booktitle  = {Proceedings of the 26th ACM International on Conference on Information and Knowledge Management},
  Date       = {2017-11},
  Doi        = {10.1145/3132847.3132919},
  Eprint     = {arXiv:1706.01860},
  Eprinttype = {arXiv},
  Pages      = {387--396},
  Series     = {CIKM '17},
  Title      = {{Attributed Network Embedding for Learning in a Dynamic Environment}},
}

@Inproceedings{edgerep17,
  Author    = {Li, Suxue and Zhang, Haixia and Wu, Dalei and Zhang, Chuanting and Yuan, Dongfeng},
  Location  = {Munich, Germany},
  Url       = {http://ai-group.ds.unipi.gr/mates17/li.pdf},
  Booktitle = {MATES workshop at VLDB 2017},
  Date      = {2017-08},
  Title     = {Edge Representation Learning for Community Detection in Large Scale Information Networks},
}

@Article{bioLayerExp11,
  Author       = {Li, Wenyuan and Liu, Chun-Chi and Zhang, Tong and Li, Haifeng and Waterman, Michael S. and Zhou, Xianghong Jasmine},
  Publisher    = {Public Library of Science},
  Url          = {https://doi.org/10.1371/journal.pcbi.1001106},
  Date         = {2011-06},
  Doi          = {10.1371/journal.pcbi.1001106},
  Journaltitle = {PLOS Computational Biology},
  Number       = {6},
  Pages        = {1--13},
  Title        = {Integrative Analysis of Many Weighted Co-Expression Networks Using Tensor Computation},
  Volume       = {7},
}

@Article{Li2013,
  Author       = {Li, Yadong and Liu, Jing and Liu, Chenlong},
  Url          = {http://link.springer.com/10.1007/s00500-013-1060-4},
  Annotation   = {o detect communities in signed networks consisting of both positive and negative links, two new evolutionary algorithms (EAs) and two new memetic algorithms (MAs) are proposed and compared.},
  Date         = {2013-05},
  Doi          = {10.1007/s00500-013-1060-4},
  Issn         = {1432-7643},
  Journaltitle = {Soft Computing},
  Number       = {2},
  Pages        = {329--348},
  Title        = {{A comparative analysis of evolutionary and memetic algorithms for community detection from signed social networks}},
  Volume       = {18},
}

@Inproceedings{beyondHome16,
  Author    = {Liang, H. and Wang, K. and Zhu, F.},
  Booktitle = {IEEE 32nd International Conference on Data Engineering (ICDE)},
  Date      = {2016-05},
  Doi       = {10.1109/ICDE.2016.7498259},
  Pages     = {421--432},
  Title     = {Mining social ties beyond homophily},
}

@Article{Liao2017,
  Author     = {Liao, Lizi and He, Xiangnan and Zhang, Hanwang and Chua, Tat-Seng},
  Url        = {http://arxiv.org/abs/1705.04969},
  Annotation = {under review at IEEE Transactions on Knowledge and Data Engineering},
  Date       = {2017-05},
  Eprint     = {1705.04969},
  Eprinttype = {arXiv},
  Isbn       = {978-3-522-73610-7},
  Title      = {{Attributed Social Network Embedding}},
}

@Article{mergingHeuristics14,
  Author       = {Lingas, Andrzej and Persson, Mia and Sledneu, Dzmitry},
  Url          = {http://www.inderscienceonline.com/doi/abs/10.1504/IJMHEUR.2014.063141},
  Annotation   = {PMID: 63141},
  Date         = {2014},
  Doi          = {10.1504/IJMHEUR.2014.063141},
  Journaltitle = {International Journal of Metaheuristics},
  Number       = {2},
  Pages        = {105--117},
  Title        = {{Iterative merging heuristics for correlation clustering}},
  Volume       = {3},
}

@Article{LittlestoneWa94,
  Author       = {Littlestone, N. and Warmuth, M.K.},
  Url          = {http://www.sciencedirect.com/science/article/pii/S0890540184710091},
  Date         = {1994},
  Doi          = {10.1006/inco.1994.1009},
  Issn         = {0890-5401},
  Journaltitle = {Information and Computation},
  Number       = {2},
  Pages        = {212--261},
  Title        = {The Weighted Majority Algorithm},
  Volume       = {108},
}

@Article{Winnow88,
  Author       = {Littlestone, Nick},
  Publisher    = {Kluwer Academic Publishers},
  Url          = {http://dx.doi.org/10.1007/BF00116827},
  Date         = {1988},
  Doi          = {10.1007/BF00116827},
  File         = {:home/orphee/data/projects/magnet/papers/winnow88.pdf:pdf},
  Issn         = {0885-6125},
  Journaltitle = {Machine Learning},
  Number       = {4},
  Pages        = {285--318},
  Title        = {{Learning quickly when irrelevant attributes abound: A new linear-threshold algorithm}},
  Volume       = {2},
}

@Article{Hippocamp05,
  Author       = {Ma'ayan, Avi and Jenkins, Sherry L. and Neves, Susana and Hasseldine, Anthony and Grace, Elizabeth and Dubin-Thaler, Benjamin and Eungdamrong, Narat J. and Weng, Gehzi and Ram, Prahlad T. and Rice, J. Jeremy and Kershenbaum, Aaron and Stolovitzky, Gustavo A. and Blitzer, Robert D. and Iyengar, Ravi},
  Publisher    = {American Association for the Advancement of Science},
  Url          = {http://science.sciencemag.org/content/309/5737/1078},
  Date         = {2005},
  Doi          = {10.1126/science.1108876},
  Eprint       = {http://science.sciencemag.org/content/309/5737/1078.full.pdf},
  Issn         = {0036-8075},
  Journaltitle = {Science},
  Number       = {5737},
  Pages        = {1078--1083},
  Title        = {{Formation of Regulatory Patterns During Signal Propagation in a Mammalian Cellular Network}},
  Volume       = {309},
}

@Inproceedings{autograd15,
  Author    = {Maclaurin, Dougal and Duvenaud, David and Adams, Ryan P.},
  Location  = {Lille, France},
  Booktitle = {ICML 2015 AutoML Workshop},
  Date      = {2015-07},
  File      = {https://drive.google.com/open?id = 0BzRGLkqgrI-qUjlUWVJlX2xDdDg},
  Title     = {Autograd: Effortless gradients in numpy},
}

@Article{CommunityUN12,
  Author       = {Macon, Kevin T and Mucha, Peter J and Porter, Mason A},
  Url          = {http://www.sciencedirect.com/science/article/pii/S0378437111004778},
  Date         = {2012},
  Doi          = {10.1016/j.physa.2011.06.030},
  Issn         = {0378-4371},
  Journaltitle = {Physica A: Statistical Mechanics and its Applications},
  Number       = {1},
  Pages        = {343--361},
  Title        = {{Community structure in the United Nations General Assembly}},
  Volume       = {391},
}

@Inproceedings{Makarychev2014,
  Author     = {Makarychev, Konstantin and Makarychev, Yury and Vijayaraghavan, Aravindan},
  Location   = {Paris, France},
  Url        = {http://arxiv.org/abs/1406.5667 http://proceedings.mlr.press/v40/Makarychev15.html},
  Booktitle  = {Proceedings of The 28th Conference on Learning Theory},
  Date       = {2015-07},
  Eprint     = {1406.5667},
  Eprinttype = {arXiv},
  File       = {:home/orphee/data/projects/magnet/papers/semi_random_cc.pdf:pdf},
  Pages      = {1321--1342},
  Title      = {{Correlation Clustering with Noisy Partial Information}},
}

@Inproceedings{wikiedits11,
  Author    = {Maniu, Silviu and Abdessalem, Talel and Cautis, Bogdan},
  Location  = {Hyderabad, India},
  Publisher = {ACM},
  Url       = {http://doi.acm.org/10.1145/1963192.1963237},
  Booktitle = {Proceedings of the 20th International Conference Companion on World Wide Web},
  Date      = {2011},
  Doi       = {10.1145/1963192.1963237},
  Isbn      = {978-1-4503-0637-9},
  Pages     = {87--88},
  Series    = {WWW '11},
  Title     = {Casting a Web of Trust over Wikipedia: An Interaction-based Approach},
}

@Article{betterDebate14,
  Author       = {Manosevitch, Edith and Steinfeld, Nili and Lev-On, Azi},
  Date         = {2014},
  Doi          = {10.1080/1369118X.2014.899610},
  Journaltitle = {Information, Communication \& Society},
  Number       = {10},
  Pages        = {1177--1195},
  Title        = {Promoting online deliberation quality: cognitive cues matter},
  Volume       = {17},
}

@Article{homoEdu85,
  Author       = {Marsden, Peter V.},
  Url          = {http://www.sciencedirect.com/science/article/pii/037887338890010X},
  Date         = {1988},
  Doi          = {10.1016/0378-8733(88)90010-X},
  Issn         = {0378-8733},
  Journaltitle = {Social Networks},
  Number       = {1},
  Pages        = {57--76},
  Title        = {Homogeneity in confiding relations},
  Volume       = {10},
}

@Article{linkPredSurvey16,
  Author       = {Martínez, Víctor and Berzal, Fernando and Cubero, Juan-Carlos},
  Location     = {New York, NY, USA},
  Publisher    = {ACM},
  Url          = {http://doi.acm.org/10.1145/3012704},
  Date         = {2016-12},
  Doi          = {10.1145/3012704},
  Issn         = {0360-0300},
  Journaltitle = {ACM Computer Survey},
  Number       = {4},
  Pages        = {69:1--69:33},
  Title        = {A Survey of Link Prediction in Complex Networks},
  Volume       = {49},
}

@Article{Mason2009,
  Author       = {Mason, Mike J and Fan, Guoping and Plath, Kathrin and Zhou, Qing and Horvath, Steve},
  Url          = {http://www.biomedcentral.com/1471-2164/10/327},
  Annotation   = {Analyze a Signed Co-expression Networks of genes involved in embryonic stem cells to find which genes are related to pluripotency or self-renewal},
  Date         = {2009-01},
  Doi          = {10.1186/1471-2164-10-327},
  File         = {:home/orphee/.local/share/data/Mendeley Ltd./Mendeley Desktop/Downloaded/Mason et al. - 2009 - Signed weighted gene co-expression network analysis of transcriptional regulation in murine embryonic stem cells.pdf:pdf},
  Issn         = {1471-2164},
  Journaltitle = {BMC genomics},
  Number       = {1},
  Pages        = {327},
  Title        = {{Signed weighted gene co-expression network analysis of transcriptional regulation in murine embryonic stem cells.}},
  Volume       = {10},
}

@Article{Mathieu2010,
  Author       = {Mathieu, Claire and Schudy, Warren},
  Url          = {http://dl.acm.org/citation.cfm?id=1873659},
  Annotation   = {recover clusters given complete similar/dissimilar information which have been perturbed by relaxing SDP and clever rounding},
  Date         = {2010},
  File         = {:home/orphee/data/projects/magnet/papers/clustering.pdf:pdf},
  Journaltitle = {21st annual ACM-SIAM symposium on Discrete Algorithms},
  Pages        = {712--728},
  Title        = {{Correlation clustering with noisy input}},
}

@Inproceedings{greedyOnline10,
  Author     = {Mathieu, Claire and Sankur, Ocan and Schudy, Warren},
  Editor     = {{Jean-Yves Marion and Thomas Schwentick}},
  Location   = {Nancy, France},
  Url        = {https://hal.inria.fr/inria-00455771},
  Annotation = {MinDisagree: optimal greedy O(n) competitive MaxSidagree: greedy .5 competivie, randomized: .5+c; upper bound 0.834},
  Booktitle  = {27th International Symposium on Theoretical Aspects of Computer Science - STACS 2010},
  Date       = {2010},
  File       = {:home/orphee/data/projects/magnet/papers/onlineCC_mathieu10.pdf:pdf},
  Pages      = {573--584},
  Series     = {Proceedings of the 27th Annual Symposium on the Theoretical Aspects of Computer Science},
  Title      = {{Online Correlation Clustering}},
}

@Book{LPBook07,
  Author    = {Matoušek, Jiří and Gärtner, Bernd},
  Publisher = {Springer-Verlag Berlin Heidelberg},
  Url       = {https://doi.org/10.1007/978-3-540-30717-4},
  Date      = {2007},
  Doi       = {10.1007/978-3-540-30717-4},
  Edition   = {1st},
  Isbn      = {978-3-540-30697-9},
  Title     = {{Understanding and Using Linear Programming}},
}

@Misc{perfectActiveLong17,
  Author        = {Mazumdar, Arya and Saha, Barna},
  Date          = {2017},
  Eprint        = {arXiv:1706.07719},
  Eprinttype    = {arXiv},
  Related       = {perfectActiveShort16},
  Relatedstring = {Short abstract:},
  Relatedtype   = {longof},
  Title         = {Query Complexity of Clustering with Side Information},
}

@Article{LeskovecEgo14,
  Author       = {Mcauley, Julian and Leskovec, Jure},
  Url          = {http://doi.acm.org/10.1145/2556612},
  Date         = {2014-02},
  Doi          = {10.1145/2556612},
  Issn         = {1556-4681},
  Journaltitle = {ACM Trans. Knowl. Discov. Data},
  Number       = {1},
  Pages        = {4:1--4:28},
  Title        = {Discovering Social Circles in Ego Networks},
  Volume       = {8},
}

@Incollection{graphicalCoreference04,
  Author    = {McCallum, Andrew and Wellner, Ben},
  Editor    = {Saul, L K and Weiss, Y and Bottou, L},
  Publisher = {MIT Press},
  Url       = {http://papers.nips.cc/paper/2557-conditional-models-of-identity-uncertainty-with-application-to-noun-coreference.pdf},
  Booktitle = {Advances in Neural Information Processing Systems 17},
  Date      = {2005},
  Pages     = {905--912},
  Title     = {{Conditional Models of Identity Uncertainty with Application to Noun Coreference}},
}

@Article{Homophily01,
  Author       = {McPherson, Miller and Smith-Lovin, Lynn and Cook, James M.},
  Url          = {https://doi.org/10.1146/annurev.soc.27.1.415},
  Date         = {2001},
  Doi          = {10.1146/annurev.soc.27.1.415},
  Journaltitle = {Annual Review of Sociology},
  Number       = {1},
  Pages        = {415--444},
  Title        = {Birds of a Feather: Homophily in Social Networks},
  Volume       = {27},
}

@Incollection{HashTableBook08,
  Author    = {Mehlhorn, Kurt and Sanders, Peter},
  Publisher = {Springer-Verlag Berlin Heidelberg},
  Url       = {https://people.mpi-inf.mpg.de/$\sim$mehlhorn/ftp/Mehlhorn-Sanders-Toolbox.pdf},
  Booktitle = {Algorithms and Data Structures: The Basic Toolbox},
  Chapter   = {4},
  Date      = {2008},
  Doi       = {10.1007/978-3-540-77978-0},
  Isbn      = {978-3-642-09682-2},
  Pages     = {81--98},
  Title     = {{Hash Tables and Associative Arrays}},
}

@Inproceedings{Mendonca2015,
  Author    = {Mendonca, Israel and Figueiredo, Rosa and Labatut, Vincent and Michelon, Philippe},
  Publisher = {IEEE},
  Url       = {http://ieeexplore.ieee.org/document/7321245/},
  Booktitle = {2015 Second European Network Intelligence Conference},
  Date      = {2015-09},
  Doi       = {10.1109/ENIC.2015.25},
  Isbn      = {978-1-4673-7592-4},
  Pages     = {122--129},
  Title     = {{Relevance of Negative Links in Graph Partitioning: A Case Study Using Votes from the European Parliament}},
}

@Incollection{mGeometricMean16,
  Author    = {Mercado, Pedro and Tudisco, Francesco and Hein, Matthias},
  Editor    = {Lee, D. D. and Sugiyama, M. and Luxburg, U. V. and Guyon, I. and Garnett, R.},
  Publisher = {Curran Associates, Inc.},
  Url       = {http://papers.nips.cc/paper/6164-clustering-signed-networks-with-the-geometric-mean-of-laplacians.pdf},
  Booktitle = {Advances in Neural Information Processing Systems 29},
  Date      = {2016},
  Pages     = {4421--4429},
  Title     = {Clustering Signed Networks with the Geometric Mean of Laplacians},
}

@Incollection{word2vec13,
  Author    = {Mikolov, Tomas and Sutskever, Ilya and Chen, Kai and Corrado, Greg S and Dean, Jeff},
  Editor    = {Burges, C. J. C. and Bottou, L. and Welling, M. and Ghahramani, Z. and Weinberger, K. Q.},
  Publisher = {Curran Associates, Inc.},
  Url       = {http://papers.nips.cc/paper/5021-distributed-representations-of-words-and-phrases-and-their-compositionality.pdf},
  Booktitle = {Advances in Neural Information Processing Systems 26},
  Date      = {2013},
  Pages     = {3111--3119},
  Title     = {Distributed Representations of Words and Phrases and their Compositionality},
}

@Inproceedings{parSpanner15,
  Author    = {Miller, Gary L. and Peng, Richard and Vladu, Adrian and Xu, Shen Chen},
  Location  = {Portland, Oregon, USA},
  Url       = {http://doi.acm.org/10.1145/2755573.2755574},
  Booktitle = {27th ACM Symposium on Parallelism in Algorithms and Architectures},
  Date      = {2015},
  Doi       = {10.1145/2755573.2755574},
  Isbn      = {978-1-4503-3588-1},
  Pages     = {192--201},
  Series    = {SPAA '15},
  Title     = {Improved Parallel Algorithms for Spanners and Hopsets},
}

@Article{networkDesignSurvey89,
  Author       = {Minoux, M.},
  Publisher    = {Wiley Subscription Services, Inc., A Wiley Company},
  Url          = {http://dx.doi.org/10.1002/net.3230190305},
  Date         = {1989},
  Doi          = {10.1002/net.3230190305},
  Issn         = {1097-0037},
  Journaltitle = {Networks},
  Number       = {3},
  Pages        = {313--360},
  Title        = {Networks synthesis and optimum network design problems: Models, solution methods and applications},
  Volume       = {19},
}

@Inproceedings{mishra2011finding,
  Author    = {Mishra, Abhinav and Bhattacharya, Arnab},
  Location  = {Hyderabad, India},
  Publisher = {ACM},
  Url       = {http://doi.acm.org/10.1145/1963405.1963485},
  Booktitle = {Proceedings of the 20th International Conference on World Wide Web},
  Date      = {2011},
  Doi       = {10.1145/1963405.1963485},
  Isbn      = {978-1-4503-0632-4},
  Pages     = {567--576},
  Series    = {WWW '11},
  Title     = {Finding the Bias and Prestige of Nodes in Networks Based on Trust Scores},
}

@Inproceedings{Mitra2009,
  Author    = {Mitra, Pinaki and Samal, Mamata},
  Url       = {http://ieeexplore.ieee.org/xpl/articleDetails.jsp?arnumber=5272169},
  Booktitle = {2009 1st International Conference on Networked Digital Technologies, NDT 2009},
  Date      = {2009},
  Doi       = {10.1109/NDT.2009.5272169},
  Isbn      = {978-1-4244-4615-5},
  Pages     = {140--145},
  Title     = {{Approximation algorithm for correlation clustering}},
}

@Article{Mitzenmacher2016,
  Author     = {Mitzenmacher, Michael and Tsourakakis, Charalampos E.},
  Url        = {http://arxiv.org/abs/1609.00750},
  Annotation = {real title Predicting Signed Edges with {$O(n^{1+o(1)}\log n)$} Queries},
  Date       = {2016-09},
  Eprint     = {1609.00750},
  Eprinttype = {arXiv},
  Title      = {{Predicting Signed Edges with O(nlog n) Queries}},
}

@Article{friendshipTeam02,
  Author       = {Mohammed, Susan and Mathieu, John E. and ‘Bart’ Bartlett, A. L.},
  Publisher    = {John Wiley \& Sons, Ltd.},
  Date         = {2002},
  Doi          = {10.1002/job.169},
  Issn         = {1099-1379},
  Journaltitle = {Journal of Organizational Behavior},
  Number       = {7},
  Pages        = {795--814},
  Title        = {Technical-administrative task performance, leadership task performance, and contextual performance: considering the influence of team- and task-related composition variables},
  Volume       = {23},
}

@Article{TimedUSSenate10,
  Author       = {Mucha, Peter J. and Richardson, Thomas and Macon, Kevin and Porter, Mason A. and Onnela, Jukka-Pekka},
  Publisher    = {American Association for the Advancement of Science},
  Url          = {http://science.sciencemag.org/content/328/5980/876},
  Date         = {2010},
  Doi          = {10.1126/science.1184819},
  Eprint       = {http://science.sciencemag.org/content/328/5980/876.full.pdf},
  Issn         = {0036-8075},
  Journaltitle = {Science},
  Number       = {5980},
  Pages        = {876--878},
  Title        = {Community Structure in Time-Dependent, Multiscale, and Multiplex Networks},
  Volume       = {328},
}

@Article{Neuroscience16,
  Author       = {Muldoon, Sarah Feldt and Bassett, Danielle S.},
  Date         = {2016},
  Doi          = {10.1086/687857},
  Journaltitle = {Philosophy of Science},
  Number       = {5},
  Pages        = {710--720},
  Title        = {Network and Multilayer Network Approaches to Understanding Human Brain Dynamics},
  Volume       = {83},
}

@Article{gaussianSphere59,
  Author       = {Muller, Mervin E.},
  Url          = {http://doi.acm.org/10.1145/377939.377946},
  Date         = {1959-04},
  Doi          = {10.1145/377939.377946},
  Issn         = {0001-0782},
  Journaltitle = {Commun. ACM},
  Number       = {4},
  Pages        = {19--20},
  Title        = {A Note on a Method for Generating Points Uniformly on $N$-dimensional Spheres},
  Volume       = {2},
}

@Inproceedings{AssortativeMixing09,
  Author    = {Murai, F. and Figueiredo, D. R.},
  Booktitle = {IEEE INFOCOM Workshops 2009},
  Date      = {2009-04},
  Doi       = {10.1109/INFCOMW.2009.5072115},
  Pages     = {1--2},
  Title     = {Assortative Mixing in BitTorrent-Like Networks},
}

@Article{AssortativeMixing02,
  Author       = {Newman, M. E. J.},
  Publisher    = {American Physical Society},
  Url          = {https://link.aps.org/doi/10.1103/PhysRevLett.89.208701},
  Date         = {2002-10},
  Doi          = {10.1103/PhysRevLett.89.208701},
  Issue        = {20},
  Journaltitle = {Phys. Rev. Lett.},
  Pages        = {208701},
  Title        = {Assortative Mixing in Networks},
  Volume       = {89},
}

@Article{Newman2016,
  Author       = {Newman, M. E. J. and Clauset, Aaron},
  Publisher    = {Nature Publishing Group},
  Url          = {http://www.nature.com/doifinder/10.1038/ncomms11863},
  Date         = {2016-06},
  Doi          = {10.1038/ncomms11863},
  Issn         = {2041-1723},
  Journaltitle = {Nature Communications},
  Pages        = {11863},
  Title        = {{Structure and inference in annotated networks}},
  Volume       = {7},
}

@Article{KnowledgeGraphSurvey16,
  Author       = {Nickel, M. and Murphy, K. and Tresp, V. and Gabrilovich, E.},
  Date         = {2016-01},
  Doi          = {10.1109/JPROC.2015.2483592},
  Issn         = {0018-9219},
  Journaltitle = {Proceedings of the IEEE},
  Number       = {1},
  Pages        = {11--33},
  Title        = {{A Review of Relational Machine Learning for Knowledge Graphs}},
  Volume       = {104},
}

@Article{BioMultiplex15,
  Author       = {Nicosia, Vincenzo and Latora, Vito},
  Publisher    = {American Physical Society},
  Url          = {https://link.aps.org/doi/10.1103/PhysRevE.92.032805},
  Date         = {2015-09},
  Doi          = {10.1103/PhysRevE.92.032805},
  Issue        = {3},
  Journaltitle = {Phys. Rev. E},
  Pages        = {032805},
  Title        = {Measuring and modeling correlations in multiplex networks},
  Volume       = {92},
}

@Inproceedings{StableLP09,
  Author    = {Nowozin, Sebastian and Jegelka, Stefanie},
  Location  = {Montreal, Quebec, Canada},
  Url       = {http://doi.acm.org/10.1145/1553374.1553473},
  Booktitle = {Proceedings of the 26th Annual International Conference on Machine Learning},
  Date      = {2009},
  Doi       = {10.1145/1553374.1553473},
  Isbn      = {978-1-60558-516-1},
  Pages     = {769--776},
  Series    = {ICML '09},
  Title     = {{Solution Stability in Linear Programming Relaxations: Graph Partitioning and Unsupervised Learning}},
}

@Inproceedings{WearableBehavior09,
  Author    = {Olguín, Daniel Olguín and Gloor, Peter A. and Pentland, Alex Sandy},
  Url       = {http://www.aaai.org/Library/Symposia/Spring/2009/ss09-04-012.php},
  Booktitle = {Proceedings of the AAAI Spring Symposium on Human Behavior Modeling},
  Date      = {2009},
  Pages     = {68--74},
  Title     = {Capturing Individual and Group Behavior with Wearable Sensors},
}

@Article{FastPathFewWeights10,
  Author       = {Orlin, James B. and Madduri, Kamesh and Subramani, K. and Williamson, M.},
  Url          = {http://www.sciencedirect.com/science/article/pii/S157086670900032X},
  Date         = {2010},
  Doi          = {http://dx.doi.org/10.1016/j.jda.2009.03.001},
  Issn         = {1570-8667},
  Journaltitle = {Journal of Discrete Algorithms},
  Note         = {Selected papers from the 3rd Algorithms and Complexity in Durham Workshop ACiD 2007},
  Number       = {2},
  Pages        = {189--198},
  Title        = {A faster algorithm for the single source shortest path problem with few distinct positive lengths},
  Volume       = {8},
}

@Report{pagerank99,
  Author      = {Page, Lawrence and Brin, Sergey and Motwani, Rajeev and Winograd, Terry},
  Institution = {Stanford InfoLab},
  Publisher   = {Stanford InfoLab},
  Url         = {http://ilpubs.stanford.edu:8090/422/},
  Date        = {1999-11},
  Number      = {1999-66},
  Title       = {The PageRank Citation Ranking: Bringing Order to the Web},
  Type        = {Technical Report},
}

@Incollection{ParallelCCNIPS15,
  Author    = {Pan, Xinghao and Papailiopoulos, Dimitris and Oymak, Samet and Recht, Benjamin and Ramchandran, Kannan and Jordan, Michael I},
  Editor    = {Cortes, C and Lawrence, N D and Lee, D D and Sugiyama, M and Garnett, R},
  Publisher = {Curran Associates, Inc.},
  Url       = {http://papers.nips.cc/paper/5814-parallel-correlation-clustering-on-big-graphs.pdf},
  Booktitle = {Advances in Neural Information Processing Systems 28},
  Date      = {2015},
  Pages     = {82--90},
  Title     = {{Parallel Correlation Clustering on Big Graphs}},
}

@Article{Papaoikonomou2014,
  Author       = {Papaoikonomou, Athanasios and Kardara, Magdalini and Tserpes, Konstantinos and Varvarigou, Theodora A.},
  Url          = {http://ieeexplore.ieee.org/lpdocs/epic03/wrapper.htm?arnumber=6840826},
  Annotation   = {excellent performance, but evaluation is quite unclear (do they hide any sign or what) embedness >= 25},
  Date         = {2014-09},
  Doi          = {10.1109/MIC.2014.82},
  Issn         = {1089-7801},
  Journaltitle = {IEEE Internet Computing},
  Number       = {5},
  Pages        = {36--43},
  Shorttitle   = {Internet Computing, IEEE},
  Title        = {{Predicting Edge Signs in Social Networks Using Frequent Subgraph Discovery}},
  Volume       = {18},
}

@Inproceedings{EdgeSignsRating15,
  Author     = {Papaoikonomou, Athanasios and Kardara, Magdalini and Varvarigou, Theodora},
  Location   = {New York, NY, USA},
  Publisher  = {ACM},
  Url        = {http://doi.acm.org/10.1145/2808797.2809418},
  Annotation = {very good AUC using only few labeled edges},
  Booktitle  = {Proceedings of the 2015 IEEE/ACM International Conference on Advances in Social Networks Analysis and Mining 2015},
  Date       = {2015},
  Doi        = {10.1145/2808797.2809418},
  Isbn       = {978-1-4503-3854-7},
  Pages      = {600--604},
  Series     = {ASONAM '15},
  Title      = {{Trust Inference in Online Social Networks}},
}

@Thesis{papplow,
  Author      = {Papp, P{á}l Andr{á}s and Kisfaludi-Bak, S{á}ndor and Kir{á}ly, Zolt{á}n},
  Institution = {E{ö}tv{ö}s Lor{á}nd University},
  Url         = {https://www.cs.elte.hu/blobs/diplomamunkak/bsc_alkmat/2014/papp_pal_andras.pdf},
  Date        = {2014},
  File        = {:home/orphee/data/projects/magnet/papers/tree/papp_pal_andras.pdf:pdf},
  Title       = {{Low-Stretch Spanning Trees}},
  Type        = {Bachelor thesis},
}

@Article{Parikh2013a,
  Author       = {Parikh, Neal and Boyd, Stephen},
  Url          = {http://stanford.edu/~boyd/papers/pdf/prox_algs.pdf},
  Date         = {2014},
  Doi          = {10.1561/2400000003},
  Issn         = {2167-3888},
  Journaltitle = {Foundations and Trends® in Optimization},
  Number       = {3},
  Pages        = {127--239},
  Title        = {Proximal Algorithms},
  Volume       = {1},
}

@Article{SpannerFirst89,
  Author       = {Peleg, David and Schäffer, Alejandro A.},
  Publisher    = {Wiley-Blackwell},
  Url          = {https://doi.org/10.1002/jgt.3190130114},
  Date         = {1989-03},
  Doi          = {10.1002/jgt.3190130114},
  Journaltitle = {Journal of Graph Theory},
  Number       = {1},
  Pages        = {99--116},
  Title        = {Graph spanners},
  Volume       = {13},
}

@Article{SpannerSecond89,
  Author       = {Peleg, David and Ullman, Jeffrey D.},
  Date         = {1989},
  Doi          = {10.1137/0218050},
  Journaltitle = {SIAM Journal on Computing},
  Number       = {4},
  Pages        = {740--747},
  Title        = {An Optimal Synchronizer for the Hypercube},
  Volume       = {18},
}

@Inproceedings{DeepWalk14,
  Author    = {Perozzi, Bryan and Al-Rfou, Rami and Skiena, Steven},
  Location  = {New York, New York, USA},
  Url       = {http://doi.acm.org/10.1145/2623330.2623732},
  Booktitle = {Proceedings of the 20th ACM SIGKDD International Conference on Knowledge Discovery and Data Mining},
  Date      = {2014},
  Doi       = {10.1145/2623330.2623732},
  Isbn      = {978-1-4503-2956-9},
  Pages     = {701--710},
  Series    = {KDD '14},
  Title     = {DeepWalk: Online Learning of Social Representations},
}

@Inproceedings{parSpanner08,
  Author    = {Pettie, Seth},
  Location  = {Toronto, Canada},
  Url       = {http://doi.acm.org/10.1145/1400751.1400786},
  Booktitle = {27th ACM Symposium on Principles of Distributed Computing},
  Date      = {2008},
  Doi       = {10.1145/1400751.1400786},
  Isbn      = {978-1-59593-989-0},
  Pages     = {253--262},
  Series    = {PODC '08},
  Title     = {Distributed Algorithms for Ultrasparse Spanners and Linear Size Skeletons},
}

@Article{EcologyMultiReview17,
  Author       = {Pilosof, Shai and Porter, Mason A. and Pascual, Mercedes and Kéfi, Sonia},
  Publisher    = {Springer Nature},
  Url          = {https://doi.org/10.1038/s41559-017-0101},
  Date         = {2017-03},
  Doi          = {10.1038/s41559-017-0101},
  Journaltitle = {Nature Ecology {\&} Evolution},
  Number       = {4},
  Pages        = {0101},
  Title        = {The multilayer nature of ecological networks},
  Volume       = {1},
}

@Article{Pizzato2013,
  Author       = {Pizzato, Luiz Augusto and Rej, Tomasz and Akehurst, Joshua and Koprinska, Irena and Yacef, Kalina and Kay, Judy},
  Url          = {http://link.springer.com/10.1007/s11257-012-9125-0},
  Date         = {2013-11},
  Doi          = {10.1007/s11257-012-9125-0},
  File         = {:home/orphee/Dropbox/Reciprocal recommendation/aa3085f3e6c149beecbb427ec985294738a7.pdf:pdf;:home/orphee/Dropbox/Reciprocal recommendation/art%3A10.1007%2Fs11257-012-9125-0.pdf:pdf},
  Isbn         = {0924-1868, 1573-1391},
  Issn         = {0924-1868},
  Journaltitle = {User Modeling and User-Adapted Interaction},
  Number       = {5},
  Pages        = {447--488},
  Title        = {{Recommending people to people: the nature of reciprocal recommenders with a case study in online dating}},
  Volume       = {23},
}

@Inbook{influenceBio13,
  Author    = {Prakash, B. Aditya and Adamic, Lada and Iwashyna, Theodore and Tong, Hanghang and Faloutsos, Christos},
  Booktitle = {Proceedings of the 2013 SIAM International Conference on Data Mining},
  Date      = {2013},
  Doi       = {10.1137/1.9781611972832.73},
  Pages     = {659--667},
  Title     = {Fractional Immunization in Networks},
}

@Article{Puleo2014,
  Author       = {Puleo, Gregory J. and Milenkovic, Olgica},
  Url          = {http://arxiv.org/abs/1411.0547 http://epubs.siam.org/doi/10.1137/140994198},
  Annotation   = {four pages overview in the intro with justification about proba constraint and triangular inequality approx in complete graph under relaxed weight constraint following Charikar–Gurusw ami–Wirth region growing approach},
  Date         = {2015-01},
  Doi          = {10.1137/140994198},
  Eprint       = {1411.0547},
  Eprinttype   = {arXiv},
  Issn         = {1052-6234},
  Journaltitle = {SIAM Journal on Optimization},
  Number       = {3},
  Pages        = {1857--1872},
  Title        = {{Correlation Clustering with Constrained Cluster Sizes and Extended Weights Bounds}},
  Volume       = {25},
}

@Inproceedings{pmlr-v48-puleo16,
  Author    = {Puleo, Gregory J. and Milenkovic, Olgica},
  Editor    = {Balcan, Maria Florina and Weinberger, Kilian Q},
  Location  = {New York, New York, USA},
  Publisher = {PMLR},
  Url       = {http://proceedings.mlr.press/v48/puleo16.html https://arxiv.org/abs/1506.08189},
  Booktitle = {Proceedings of The 33rd International Conference on Machine Learning},
  Date      = {2016},
  Pages     = {869--877},
  Series    = {Proceedings of Machine Learning Research},
  Title     = {{Correlation Clustering and Biclustering with Locally Bounded Errors}},
  Volume    = {48},
}

@Article{linkPredBio06,
  Author       = {Qi, Yanjun and Bar-Joseph, Ziv and Klein-Seetharaman, Judith},
  Publisher    = {Wiley Subscription Services, Inc.},
  Url          = {http://dx.doi.org/10.1002/prot.20865},
  Date         = {2006},
  Doi          = {10.1002/prot.20865},
  Issn         = {1097-0134},
  Journaltitle = {Proteins: Structure, Function, and Bioinformatics},
  Number       = {3},
  Pages        = {490--500},
  Title        = {Evaluation of different biological data and computational classification methods for use in protein interaction prediction},
  Volume       = {63},
}

@Article{Qian2014sn,
  Author       = {Qian, Yi and Adali, Sibel},
  Location     = {New York, NY, USA},
  Publisher    = {ACM},
  Url          = {http://doi.acm.org/10.1145/2628438},
  Date         = {2014},
  Doi          = {10.1145/2628438},
  Issn         = {1559-1131},
  Journaltitle = {ACM Trans. Web},
  Number       = {3},
  Pages        = {13:1--13:33},
  Title        = {{Foundations of Trust and Distrust in Networks: Extended Structural Balance Theory}},
  Volume       = {8},
}

@Inproceedings{embeddingAsFactorization18,
  Author     = {Qiu, Jiezhong and Dong, Yuxiao and Ma, Hao and Li, Jian and Wang, Kuansan and Tang, Jie},
  Booktitle  = {Proceedings of the 11th ACM International Conference on Web Search and Data Mining},
  Date       = {2018-02},
  Eprint     = {arXiv:1710.02971},
  Eprinttype = {arXiv},
  Series     = {WSDM'18},
  Title      = {G{Network Embedding as Matrix Factorization: Unifying DeepWalk, LINE, PTE, and node2vec}},
}

@Article{RoadNetworks60,
  Author       = {Quandt, Richard E.},
  Publisher    = {Blackwell Publishing Ltd},
  Url          = {http://dx.doi.org/10.1111/j.1467-9787.1960.tb00833.x},
  Date         = {1960},
  Doi          = {10.1111/j.1467-9787.1960.tb00833.x},
  Issn         = {1467-9787},
  Journaltitle = {Journal of Regional Science},
  Number       = {1},
  Pages        = {27--45},
  Title        = {Models of Transportation and Optimal Network Construction},
  Volume       = {2},
}

@Inproceedings{mOneCC12,
  Author    = {Rangapuram, Syama Sundar and Hein, Matthias},
  Editor    = {Lawrence, Neil D. and Girolami, Mark},
  Location  = {La Palma, Canary Islands},
  Publisher = {PMLR},
  Url       = {http://proceedings.mlr.press/v22/sundar12.html},
  Booktitle = {Proceedings of the Fifteenth International Conference on Artificial Intelligence and Statistics},
  Date      = {2012-04},
  File      = {http://proceedings.mlr.press/v22/sundar12/sundar12.pdf},
  Pages     = {1143--1151},
  Series    = {Proceedings of Machine Learning Research},
  Title     = {Constrained 1-Spectral Clustering},
  Volume    = {22},
}

@Inproceedings{signedRouting12,
  Author    = {Rath, H. K. and Chaturvedi, A. and Rajan, M. A. and Simha, A.},
  Booktitle = {2012 IEEE Globecom Workshops},
  Date      = {2012-12},
  Doi       = {10.1109/GLOCOMW.2012.6477619},
  Issn      = {2166-0077},
  Pages     = {475--480},
  Title     = {Weighted Signed Graph (WSG) power-aware routing in distributed wireless networks},
}

@Inbook{StochasticCC13,
  Author    = {Rebagliati, Nicola and {Rota Bul{ò}}, Samuel and Pelillo, Marcello},
  Editor    = {Hancock, Edwin and Pelillo, Marcello},
  Location  = {Berlin, Heidelberg},
  Publisher = {Springer Berlin Heidelberg},
  Url       = {https://doi.org/10.1007/978-3-642-39140-8_8},
  Booktitle = {Similarity-Based Pattern Recognition: Second International Workshop, SIMBAD 2013, York, UK, July 3-5, 2013. Proceedings},
  Date      = {2013},
  Doi       = {10.1007/978-3-642-39140-8_8},
  Isbn      = {978-3-642-39140-8},
  Pages     = {120--133},
  Title     = {{Correlation Clustering with Stochastic Labellings}},
}

@Article{CommunityPhysics06,
  Author       = {Reichardt, J{ö}rg and Bornholdt, Stefan},
  Publisher    = {American Physical Society},
  Url          = {https://link.aps.org/doi/10.1103/PhysRevE.74.016110},
  Date         = {2006},
  Doi          = {10.1103/PhysRevE.74.016110},
  Journaltitle = {Phys. Rev. E},
  Number       = {1},
  Pages        = {16110},
  Title        = {{Statistical mechanics of community detection}},
  Volume       = {74},
}

@Inproceedings{Ren2017,
  Author     = {Ren, Xiang and Wu, Zeqiu and He, Wenqi and Qu, Meng and Voss, Clare R. and Ji, Heng and Abdelzaher, Tarek F. and Han, Jiawei},
  Location   = {New York, New York, USA},
  Publisher  = {ACM Press},
  Url        = {http://arxiv.org/abs/1610.08763 http://dl.acm.org/citation.cfm?doid=3038912.3052708},
  Annotation = {They use high level text features (like NER and links between them) + weak supervision so it's quite different},
  Booktitle  = {Proceedings of the 26th International Conference on World Wide Web - WWW '17},
  Date       = {2017-10},
  Doi        = {10.1145/3038912.3052708},
  Eprint     = {1610.08763},
  Eprinttype = {arXiv},
  Isbn       = {978-1-4503-4913-0},
  Pages      = {1015--1024},
  Title      = {{CoType: Joint Extraction of Typed Entities and Relations with Knowledge Bases}},
}

@Book{convexAnalysis70,
  Author    = {Rockafellar, R. Tyrrell},
  Publisher = {Princeton University Press},
  Url       = {https://press.princeton.edu/titles/1815.html},
  Date      = {1970},
  Isbn      = {978-0-691-01586-6},
  Title     = {Convex Analysis},
}

@Inbook{fastGreedy04,
  Author    = {Roditty, Liam and Zwick, Uri},
  Editor    = {Albers, Susanne and Radzik, Tomasz},
  Location  = {Berlin, Heidelberg},
  Publisher = {Springer Berlin Heidelberg},
  Booktitle = {12th Annual European Symposium on Algorithms (ESA'04)},
  Date      = {2004},
  Doi       = {10.1007/978-3-540-30140-0_52},
  Isbn      = {978-3-540-30140-0},
  Pages     = {580--591},
  Title     = {On Dynamic Shortest Paths Problems},
}

@Book{rogers2003diffusion,
  Author    = {Rogers, Everett .M.},
  Publisher = {Free Press},
  Date      = {2003},
  Edition   = {5th edition},
  Isbn      = {978-0-7432-5823-4},
  Pagetotal = {576},
  Title     = {Diffusion of Innovations},
}

@Article{clusterScience08,
  Author       = {Rosvall, Martin and Bergstrom, Carl T.},
  Url          = {http://www.pnas.org/content/105/4/1118.abstract},
  Date         = {2008},
  Doi          = {10.1073/pnas.0706851105},
  Eprint       = {http://www.pnas.org/content/105/4/1118.full.pdf},
  Journaltitle = {Proceedings of the National Academy of Sciences},
  Number       = {4},
  Pages        = {1118--1123},
  Title        = {Maps of random walks on complex networks reveal community structure},
  Volume       = {105},
}

@Inproceedings{communityWeakTies17,
  Author    = {Rozenshtein, Polina and Tatti, Nikolaj and Gionis, Aristides},
  Location  = {Halifax, NS, Canada},
  Url       = {http://doi.acm.org/10.1145/3097983.3098199},
  Booktitle = {Proceedings of the 23rd ACM SIGKDD International Conference on Knowledge Discovery and Data Mining},
  Date      = {2017},
  Doi       = {10.1145/3097983.3098199},
  Isbn      = {978-1-4503-4887-4},
  Pages     = {1017--1025},
  Series    = {KDD '17},
  Title     = {{Inferring the Strength of Social Ties: A Community-Driven Approach}},
}

@Article{SpreadingMultiSurvey15,
  Author       = {Salehi, M. and Sharma, R. and Marzolla, M. and Magnani, M. and Siyari, P. and Montesi, D.},
  Date         = {2015-04},
  Doi          = {10.1109/TNSE.2015.2425961},
  Issn         = {2327-4697},
  Journaltitle = {IEEE Transactions on Network Science and Engineering},
  Number       = {2},
  Pages        = {65--83},
  Title        = {{Spreading Processes in Multilayer Networks}},
  Volume       = {2},
}

@Inbook{signedKey17,
  Author    = {Sarkar, Pinaki and Chowdhury, Morshed Uddin},
  Editor    = {Deng, Robert and Weng, Jian and Ren, Kui and Yegneswaran, Vinod},
  Location  = {Cham},
  Publisher = {Springer International Publishing},
  Booktitle = {Security and Privacy in Communication Networks: 12th International Conference, SecureComm 2016},
  Date      = {2017},
  Doi       = {10.1007/978-3-319-59608-2_13},
  Isbn      = {978-3-319-59608-2},
  Pages     = {241--256},
  Title     = {Secure IoT Using Weighted Signed Graphs},
}

@Article{OptimalNetwork69,
  Author       = {Scott, Allen J.},
  Url          = {http://www.sciencedirect.com/science/article/pii/004116476990152X},
  Date         = {1969},
  Doi          = {http://dx.doi.org/10.1016/0041-1647(69)90152-X},
  Issn         = {0041-1647},
  Journaltitle = {Transportation Research},
  Number       = {2},
  Pages        = {201--210},
  Title        = {The optimal network problem: Some computational procedures},
  Volume       = {3},
}

@Proceedings{SignedWordRatings,
  Author    = {Sedoc, Joao and Preoţiuc-Pietro, Daniel and Ungar, Lyle},
  Location  = {Valencia, Spain},
  Publisher = {Association for Computational Linguistics},
  Url       = {https://sites.sas.upenn.edu/sites/default/files/danielpr/files/affnorms17eacl.pdf http://aclweb.org/anthology/E17-2090},
  Booktitle = {Proceedings of the 15th Conference of the European Chapter of the Association for Computational Linguistics: Volume 2, Short Papers},
  Date      = {2017},
  Pages     = {564--571},
  Title     = {{Predicting Emotional Word Ratings using Distributional Representations and Signed Clustering}},
}

@Inproceedings{mSemanticWordCC17,
  Author        = {Sedoc, Jo{ã}o and Gallier, Jean and Foster, Dean P. and Ungar, Lyle H.},
  Url           = {https://doi.org/10.18653/v1/P17-1087},
  Booktitle     = {Proceedings of the 55th Annual Meeting of the Association for Computational Linguistics, {ACL} 2017, Vancouver, Canada, July 30 - August 4, Volume 1: Long Papers},
  Date          = {2017},
  Doi           = {10.18653/v1/P17-1087},
  Pages         = {939--949},
  Related       = {SignedSpectralClustering},
  Relatedstring = {More details in chapter 5 of},
  Relatedtype   = {shortof},
  Title         = {Semantic Word Clusters Using Signed Spectral Clustering},
}

@Article{Shachaf10,
  Author       = {Shachaf, Pnina and Hara, Noriko},
  Date         = {2010},
  Doi          = {10.1177/0165551510365390},
  Journaltitle = {Journal of Information Science},
  Number       = {3},
  Pages        = {357--370},
  Title        = {{Beyond vandalism: Wikipedia trolls}},
  Volume       = {36},
}

@Article{shahriari2014ranking,
  Author       = {Shahriari, Moshen and Jalili, Mahdi},
  Url          = {https://doi.org/10.1007/s13278-014-0172-x},
  Date         = {2014-01},
  Doi          = {10.1007/s13278-014-0172-x},
  Issn         = {1869-5469},
  Journaltitle = {Social Network Analysis and Mining},
  Number       = {1},
  Pages        = {172},
  Title        = {Ranking Nodes in Signed Social Networks},
  Volume       = {4},
}

@Article{ConfoundedHomophily11,
  Author       = {Shalizi, Cosma Rohilla and Thomas, Andrew C.},
  Date         = {2011},
  Doi          = {10.1177/0049124111404820},
  Eprint       = {https://www.ncbi.nlm.nih.gov/pmc/articles/PMC3328971/},
  Journaltitle = {Sociological Methods \& Research},
  Number       = {2},
  Pages        = {211--239},
  Title        = {Homophily and Contagion Are Generically Confounded in Observational Social Network Studies},
  Volume       = {40},
}

@Incollection{Shamir02,
  Author    = {Shamir, Ron and Sharan, Roded and Tsur, Dekel},
  Editor    = {Goos, Gerhard and Hartmanis, Juris and van Leeuwen, Jan and Ku{č}era, Lud{ě}k},
  Publisher = {Springer Berlin Heidelberg},
  Url       = {http://dx.doi.org/10.1007/3-540-36379-3_33},
  Booktitle = {Graph-Theoretic Concepts in Computer Science},
  Date      = {2002},
  Doi       = {10.1007/3-540-36379-3_33},
  File      = {:home/orphee/data/projects/magnet/papers/cluster_editing02.pdf:pdf},
  Isbn      = {978-3-540-00331-1},
  Pages     = {379--390},
  Series    = {Lecture Notes in Computer Science},
  Title     = {{Cluster Graph Modification Problems}},
  Volume    = {2573},
}

@Inbook{WeightedER14,
  Author    = {Shen, Zeyu and Wang, Qing},
  Editor    = {Manolopoulos, Yannis and Trajcevski, Goce and Kon-Popovska, Margita},
  Location  = {Cham},
  Publisher = {Springer International Publishing},
  Url       = {https://doi.org/10.1007/978-3-319-10933-6_23},
  Booktitle = {Advances in Databases and Information Systems: 18th East European Conference, ADBIS 2014, Ohrid, Macedonia, September 7-10},
  Date      = {2014},
  Doi       = {10.1007/978-3-319-10933-6_23},
  Isbn      = {978-3-319-10933-6},
  Pages     = {308--322},
  Title     = {Entity Resolution with Weighted Constraints},
}

@Article{HINSurvey17,
  Author       = {Shi, C. and Li, Y. and Zhang, J. and Sun, Y. and Yu, P. S.},
  Date         = {2017-01},
  Doi          = {10.1109/TKDE.2016.2598561},
  Issn         = {1041-4347},
  Journaltitle = {IEEE Transactions on Knowledge and Data Engineering},
  Number       = {1},
  Pages        = {17--37},
  Title        = {A Survey of Heterogeneous Information Network Analysis},
  Volume       = {29},
}

@Article{tensorReview17,
  Author       = {Sidiropoulos, N. D. and Lathauwer, L. De and Fu, X. and Huang, K. and Papalexakis, E. E. and Faloutsos, C.},
  Date         = {2017-07},
  Doi          = {10.1109/TSP.2017.2690524},
  Issn         = {1053-587X},
  Journaltitle = {IEEE Transactions on Signal Processing},
  Number       = {13},
  Pages        = {3551--3582},
  Title        = {Tensor Decomposition for Signal Processing and Machine Learning},
  Volume       = {65},
}

@Article{Silva2012,
  Author       = {Silva, Arlei and Meira, Wagner and Zaki, Mohammed J.},
  Publisher    = {VLDB Endowment},
  Url          = {http://dl.acm.org/citation.cfm?doid=2140436.2140443},
  Annotation   = {very data mining},
  Date         = {2012-01},
  Doi          = {10.14778/2140436.2140443},
  Journaltitle = {Proceedings of the VLDB Endowment},
  Number       = {5},
  Pages        = {466--477},
  Title        = {{Mining attribute-structure correlated patterns in large attributed graphs}},
  Volume       = {5},
}

@Article{measureUnbalance17,
  Author       = {Singh, Ranveer and Adhikari, Bibhas},
  Publisher    = {{IOP} Publishing},
  Date         = {2017},
  Doi          = {10.1088/1742-5468/aa73ef},
  Journaltitle = {Journal of Statistical Mechanics: Theory and Experiment},
  Number       = {6},
  Title        = {{Measuring the balance of signed networks and its application to sign prediction}},
  Volume       = {2017},
}

@Article{Siting2012,
  Author       = {Siting, Zheng and Wenxing, Hong and Ning, Zhang and Fan, Yang},
  Url          = {http://ieeexplore.ieee.org/lpdocs/epic03/wrapper.htm?arnumber=6295216},
  Date         = {2012},
  Doi          = {10.1109/ICCSE.2012.6295216},
  File         = {:home/orphee/Dropbox/Reciprocal recommendation/06295216.pdf:pdf},
  Isbn         = {978-1-4673-0242-5},
  Journaltitle = {2012 7th International Conference on Computer Science \& Education (ICCSE)},
  Number       = {Iccse},
  Pages        = {920--924},
  Title        = {{Job recommender systems: A survey}},
}

@Article{cyberbullying13,
  Author       = {Slonje, Robert and Smith, Peter K. and Frisén, Ann},
  Url          = {http://www.sciencedirect.com/science/article/pii/S0747563212002154},
  Date         = {2013},
  Doi          = {10.1016/j.chb.2012.05.024},
  Issn         = {0747-5632},
  Journaltitle = {Computers in Human Behavior},
  Number       = {1},
  Pages        = {26--32},
  Title        = {The nature of cyberbullying, and strategies for prevention},
  Volume       = {29},
}

@Inproceedings{multiTracking15,
  Author    = {Solera, Francesco and Calderara, Simone and Cucchiara, Rita},
  Publisher = {IEEE},
  Url       = {http://ieeexplore.ieee.org/document/7410854/},
  Booktitle = {2015 IEEE International Conference on Computer Vision (ICCV)},
  Date      = {2015-12},
  Doi       = {10.1109/ICCV.2015.497},
  Isbn      = {978-1-4673-8391-2},
  Pages     = {4373--4381},
  Title     = {{Learning to Divide and Conquer for Online Multi-target Tracking}},
}

@Article{Bayesian15,
  Author       = {Song, Dongjin and Meyer, David A.},
  Url          = {https://doi.org/10.1007/s13278-015-0288-7},
  Date         = {2015-09},
  Doi          = {10.1007/s13278-015-0288-7},
  Issn         = {1869-5469},
  Journaltitle = {Social Network Analysis and Mining},
  Number       = {1},
  Pages        = {52},
  Title        = {Link sign prediction and ranking in signed directed social networks},
  Volume       = {5},
}

@Misc{tensorCompletion17,
  Author     = {Song, Qingquan and Ge, Hancheng and Caverlee, James and Hu, Xia},
  Date       = {2017},
  Eprint     = {arXiv:1711.10105},
  Eprinttype = {arXiv},
  Title      = {Tensor Completion Algorithms in Big Data Analytics},
}

@Article{clusterBio03,
  Author       = {Spirin, Victor and Mirny, Leonid A.},
  Url          = {http://www.pnas.org/content/100/21/12123.abstract},
  Date         = {2003},
  Doi          = {10.1073/pnas.2032324100},
  Eprint       = {http://www.pnas.org/content/100/21/12123.full.pdf},
  Journaltitle = {Proceedings of the National Academy of Sciences},
  Number       = {21},
  Pages        = {12123--12128},
  Title        = {Protein complexes and functional modules in molecular networks},
  Volume       = {100},
}

@Article{Reciprocity13,
  Author       = {Squartini, Tiziano and Picciolo, Francesco and Ruzzenenti, Franco and Garlaschelli, Diego},
  Publisher    = {Nature},
  Date         = {2013-09},
  Doi          = {10.1038/srep02729},
  Journaltitle = {Scientific Reports},
  Number       = {2729},
  Title        = {Reciprocity of weighted networks},
  Volume       = {3},
}

@Inproceedings{conceptualLinks12,
  Author    = {Stattner, Erick and Collard, Martine},
  Booktitle = {2012 IEEE/ACM International Conference on Advances in Social Networks Analysis and Mining},
  Date      = {2012-08},
  Doi       = {10.1109/ASONAM.2012.15},
  Pages     = {25--29},
  Title     = {Social-Based Conceptual Links: Conceptual Analysis Applied to Social Networks},
}

@Inproceedings{OSSMentors12,
  Author    = {Steinmacher, Igor and Wiese, Igor Scaliante and Gerosa, Marco Aur{é}lio},
  Location  = {Zurich, Switzerland},
  Url       = {http://dl.acm.org/citation.cfm?id=2666719.2666734},
  Booktitle = {Proceedings of the Third International Workshop on Recommendation Systems for Software Engineering},
  Date      = {2012},
  Isbn      = {978-1-4673-1759-7},
  Pages     = {63--67},
  Series    = {RSSE '12},
  Title     = {Recommending Mentors to Software Project Newcomers},
}

@Article{graphSSL14,
  Author       = {Subramanya, Amarnag and Talukdar, Partha Pratim},
  Date         = {2014},
  Doi          = {10.2200/S00590ED1V01Y201408AIM029},
  Journaltitle = {Synthesis Lectures on Artificial Intelligence and Machine Learning},
  Number       = {4},
  Pages        = {1--125},
  Title        = {Graph-Based Semi-Supervised Learning},
  Volume       = {8},
}

@Article{Suler04,
  Author       = {Suler, John},
  Date         = {2004},
  Doi          = {10.1089/1094931041291295},
  Eprint       = {https://www.ncbi.nlm.nih.gov/pubmed/15257832},
  Journaltitle = {Cyberpsychology \& Behavior},
  Number       = {3},
  Pages        = {321--326},
  Title        = {{The Online Disinhibition Effect}},
  Volume       = {7},
}

@Article{metapath11,
  Author       = {Sun, Yizhou and Han, Jiawei and Yan, Xifeng and Yu, Philip S. and Wu, Tianyi},
  Url          = {http://www.vldb.org/pvldb/vol4/p992-sun.pdf},
  Date         = {2011},
  Journaltitle = {{PVLDB}},
  Number       = {11},
  Pages        = {992--1003},
  Title        = {{PathSim: Meta Path-Based Top-K Similarity Search in Heterogeneous Information Networks}},
  Volume       = {4},
}

@Inproceedings{Swamy2004,
  Author     = {Swamy, Chaitanya},
  Location   = {New Orleans, Louisiana},
  Publisher  = {Society for Industrial and Applied Mathematics},
  Url        = {http://dl.acm.org/citation.cfm?id=982792.982866},
  Annotation = {a 0.7666 for maxagree},
  Booktitle  = {Proceedings of the Fifteenth Annual ACM-SIAM Symposium on Discrete Algorithms},
  Date       = {2004-01},
  File       = {:home/orphee/data/projects/magnet/papers/p526-swamy.pdf:pdf},
  Isbn       = {978-0-89871-558-3},
  Pages      = {526--527},
  Title      = {{Correlation Clustering: maximizing agreements via semidefinite programming}},
}

@Article{Szell2010,
  Author       = {Szell, Michael and Thurner, Stefan},
  Url          = {http://www.sciencedirect.com/science/article/pii/S0378873310000316 http://linkinghub.elsevier.com/retrieve/pii/S0378873310000316},
  Date         = {2010-10},
  Doi          = {10.1016/j.socnet.2010.06.001},
  Eprint       = {arXiv:0911.1084v1},
  Eprinttype   = {arXiv},
  Issn         = {03788733},
  Journaltitle = {Social Networks},
  Number       = {4},
  Pages        = {313--329},
  Title        = {{Measuring social dynamics in a massive multiplayer online game}},
  Volume       = {32},
}

@Inbook{sslText09,
  Author     = {Talukdar, Partha Pratim and Crammer, Koby},
  Editor     = {Buntine, Wray and Grobelnik, Marko and Mladeni{ć}, Dunja and Shawe-Taylor, John},
  Location   = {Berlin, Heidelberg},
  Publisher  = {Springer Berlin Heidelberg},
  Annotation = {Bled, Slovenia, September 7-11},
  Booktitle  = {Proceedings of the European Conference on Machine Learning and Knowledge Discovery in Databases},
  Date       = {2009},
  Doi        = {10.1007/978-3-642-04174-7_29},
  Isbn       = {978-3-642-04174-7},
  Pages      = {442--457},
  Title      = {New Regularized Algorithms for Transductive Learning},
}

@Inproceedings{LINE15,
  Author    = {Tang, Jian and Qu, Meng and Wang, Mingzhe and Zhang, Ming and Yan, Jun and Mei, Qiaozhu},
  Location  = {Florence, Italy},
  Publisher = {International World Wide Web Conferences Steering Committee},
  Url       = {https://doi.org/10.1145/2736277.2741093},
  Booktitle = {Proceedings of the 24th International Conference on World Wide Web},
  Date      = {2015},
  Doi       = {10.1145/2736277.2741093},
  Isbn      = {978-1-4503-3469-3},
  Pages     = {1067--1077},
  Series    = {WWW '15},
  Title     = {LINE: Large-scale Information Network Embedding},
}

@Article{SemanticMining15,
  Author       = {Tang, Jie and Li, Juanzi},
  Date         = {2015},
  Doi          = {10.2200/S00629ED1V01Y201502WBE011},
  Journaltitle = {Synthesis Lectures on the Semantic Web: Theory and Technology},
  Number       = {2},
  Pages        = {1--205},
  Title        = {Semantic Mining of Social Networks},
  Volume       = {5},
}

@Article{transferTiesPred16,
  Author       = {Tang, Jie and Lou, Tiancheng and Kleinberg, Jon and Wu, Sen},
  Url          = {http://doi.acm.org/10.1145/2746230},
  Date         = {2016-04},
  Doi          = {10.1145/2746230},
  Issn         = {1046-8188},
  Journaltitle = {ACM Trans. Inf. Syst.},
  Note         = {conference version in WSDM'12},
  Number       = {2},
  Pages        = {7:1--7:43},
  Title        = {Transfer Learning to Infer Social Ties Across Heterogeneous Networks},
  Volume       = {34},
}

@Inproceedings{Tang2013,
  Author    = {Tang, Jiliang and Gao, Huiji and Hu, Xia and Liu, Huan},
  Location  = {New York, New York, USA},
  Publisher = {ACM Press},
  Url       = {http://dl.acm.org/citation.cfm?id=2433396.2433405},
  Booktitle = {Proceedings of the sixth ACM international conference on Web search and data mining - WSDM '13},
  Date      = {2013-02},
  Doi       = {10.1145/2433396.2433405},
  File      = {::},
  Isbn      = {978-1-4503-1869-3},
  Pages     = {53},
  Title     = {{Exploiting homophily effect for trust prediction}},
}

@Article{Tang2015a,
  Author       = {Tang, Jiliang and Chang, Yi and Aggarwal, Charu and Liu, Huan},
  Url          = {http://arxiv.org/abs/1511.07569},
  Date         = {2016-11},
  Doi          = {10.1145/2956185},
  Eprint       = {1511.07569},
  Eprinttype   = {arXiv},
  Journaltitle = {ACM Computing Surveys (CSUR)},
  Number       = {3},
  Pages        = {36},
  Title        = {{A Survey of Signed Network Mining in Social Media}},
  Volume       = {49},
}

@Inbook{graphicalModelTies11,
  Author    = {Tang, Wenbin and Zhuang, Honglei and Tang, Jie},
  Editor    = {Gunopulos, Dimitrios and Hofmann, Thomas and Malerba, Donato and Vazirgiannis, Michalis},
  Location  = {Berlin, Heidelberg},
  Publisher = {Springer Berlin Heidelberg},
  Booktitle = {Machine Learning and Knowledge Discovery in Databases: European Conference, (ECML PKDD)},
  Date      = {2011},
  Doi       = {10.1007/978-3-642-23808-6_25},
  Isbn      = {978-3-642-23808-6},
  Pages     = {381--397},
  Title     = {Learning to Infer Social Ties in Large Networks},
}

@Incollection{Taskar04,
  Author    = {Taskar, Ben and Wong, Ming-fai and Abbeel, Pieter and Koller, Daphne},
  Editor    = {Thrun, S. and Saul, L. K. and Schölkopf, P. B.},
  Publisher = {MIT Press},
  Url       = {http://papers.nips.cc/paper/2465-link-prediction-in-relational-data.pdf},
  Booktitle = {Advances in Neural Information Processing Systems 16},
  Date      = {2004},
  Pages     = {659--666},
  Title     = {Link Prediction in Relational Data},
}

@Article{homophilyMyspace09,
  Author       = {Thelwall, Mike},
  Publisher    = {Wiley Subscription Services, Inc., A Wiley Company},
  Url          = {http://dx.doi.org/10.1002/asi.20978},
  Date         = {2009},
  Doi          = {10.1002/asi.20978},
  Issn         = {1532-2890},
  Journaltitle = {Journal of the American Society for Information Science and Technology},
  Number       = {2},
  Pages        = {219--231},
  Title        = {Homophily in MySpace},
  Volume       = {60},
}

@Article{homoSN09,
  Author       = {Thelwall, Mike},
  Publisher    = {Wiley Subscription Services},
  Url          = {http://dx.doi.org/10.1002/asi.20978},
  Date         = {2009},
  Doi          = {10.1002/asi.20978},
  Issn         = {1532-2890},
  Journaltitle = {Journal of the American Society for Information Science and Technology},
  Number       = {2},
  Pages        = {219--231},
  Title        = {{Homophily in MySpace}},
  Volume       = {60},
}

@Misc{MLinHR16,
  Author      = {{Tomassen}, M.E.},
  Institution = {University of Twente},
  Url         = {http://essay.utwente.nl/70791},
  Date        = {2016-08},
  Title       = {Exploring the Black Box of Machine Learning in Human Resource Management: An HR Perspective on the Consequences for HR professionals},
  Type        = {{Master Thesis}},
}

@Article{Traag2009,
  Author       = {Traag, V. A. and Bruggeman, Jeroen},
  Date         = {2009},
  Doi          = {10.1103/PhysRevE.80.036115},
  File         = {:home/orphee/data/projects/magnet/papers/potts_model_PhysRevE_80_036115.pdf:pdf},
  Issn         = {15393755},
  Journaltitle = {Physical Review E - Statistical, Nonlinear, and Soft Matter Physics},
  Title        = {{Community detection in networks with positive and negative links}},
  Volume       = {80},
}

@Inbook{traag2010exponential,
  Author    = {Traag, Vincent A. and Nesterov, Yurii E. and Van Dooren, Paul},
  Editor    = {Bolc, Leonard and Makowski, Marek and Wierzbicki, Adam},
  Location  = {Berlin, Heidelberg},
  Publisher = {Springer Berlin Heidelberg},
  Url       = {https://doi.org/10.1007/978-3-642-16567-2_14},
  Booktitle = {Social Informatics: Second International Conference},
  Date      = {2010},
  Doi       = {10.1007/978-3-642-16567-2_14},
  Isbn      = {978-3-642-16567-2},
  Pages     = {192--202},
  Series    = {SocInfo 2010},
  Title     = {Exponential Ranking: Taking into Account Negative Links},
}

@Inproceedings{TinderDesc16,
  Author    = {Tyson, G. and Perta, V. C. and Haddadi, H. and Seto, M. C.},
  Booktitle = {International Conference on Advances in Social Networks Analysis and Mining (ASONAM)},
  Date      = {2016-08},
  Doi       = {10.1109/ASONAM.2016.7752275},
  Pages     = {461--466},
  Title     = {A first look at user activity on tinder},
}

@Inbook{derandomCCPivot08,
  Author    = {van Zuylen, Anke and Williamson, David P},
  Editor    = {Kaklamanis, Christos and Skutella, Martin},
  Location  = {Berlin, Heidelberg},
  Publisher = {Springer Berlin Heidelberg},
  Booktitle = {Approximation and Online Algorithms: 5th International Workshop, WAOA 2007, Eilat, Israel},
  Date      = {2008},
  Doi       = {10.1007/978-3-540-77918-6_21},
  Isbn      = {978-3-540-77918-6},
  Pages     = {260--273},
  Title     = {{Deterministic Algorithms for Rank Aggregation and Other Ranking and Clustering Problems}},
}

@Inproceedings{LowRank16,
  Author     = {Veldt, Nate and Wirth, Anthony and Gleich, David F.},
  Location   = {New York, New York, USA},
  Publisher  = {ACM Press},
  Url        = {http://arxiv.org/abs/1611.07305 http://dl.acm.org/citation.cfm?doid=3038912.3052586},
  Booktitle  = {Proceedings of the 26th International Conference on World Wide Web - WWW '17},
  Date       = {2017-11},
  Doi        = {10.1145/3038912.3052586},
  Eprint     = {1611.07305},
  Eprinttype = {arXiv},
  Isbn       = {978-1-4503-4913-0},
  Pages      = {1025--1034},
  Title      = {{Correlation Clustering with Low-Rank Matrices}},
}

@Article{SCSurvey11,
  Author       = {Vidal, R.},
  Date         = {2011-03},
  Doi          = {10.1109/MSP.2010.939739},
  Issn         = {1053-5888},
  Journaltitle = {IEEE Signal Processing Magazine},
  Number       = {2},
  Pages        = {52--68},
  Title        = {Subspace Clustering},
  Volume       = {28},
}

@Inproceedings{AMI09,
  Author    = {Vinh, Nguyen Xuan and Epps, Julien and Bailey, James},
  Location  = {Montreal, Quebec, Canada},
  Url       = {http://doi.acm.org/10.1145/1553374.1553511},
  Booktitle = {Proceedings of the 26th Annual International Conference on Machine Learning},
  Date      = {2009},
  Doi       = {10.1145/1553374.1553511},
  Isbn      = {978-1-60558-516-1},
  Pages     = {1073--1080},
  Series    = {ICML '09},
  Title     = {Information Theoretic Measures for Clusterings Comparison: Is a Correction for Chance Necessary?},
}

@Misc{gtxFabio,
  Author       = {Vitale, Fabio},
  Date         = {2014-10},
  Howpublished = {private communication},
}

@Inproceedings{Vitale2012,
  Author     = {Vitale, Fabio and Cesa-Bianchi, Nicol{ò} and Gentile, Claudio and Zappella, Giovanni},
  Editor     = {Weinberger, J. Shawe-Taylor and Zemel, R.S. and Bartlett, P.L. and Pereira, F. and K.Q.},
  Publisher  = {Curran Associates, Inc.},
  Url        = {http://eprints.pascal-network.org/archive/00009193/ http://papers.nips.cc/paper/4476-see-the-tree-through-the-lines-the-shazoo-algorithm.pdf},
  Booktitle  = {Advances in Neural Information Processing Systems 24},
  Date       = {2011},
  Eprint     = {1301.5160},
  Eprinttype = {arXiv},
  File       = {:home/orphee/data/projects/magnet/papers/shazoofull.pdf:pdf},
  Isbn       = {978-1-61839-599-3},
  Pages      = {1584--1592},
  Title      = {{See the tree through the lines: the Shazoo algorithm}},
}

@Article{tutoSpectralClustering07,
  Author       = {von Luxburg, Ulrike},
  Url          = {https://doi.org/10.1007/s11222-007-9033-z},
  Date         = {2007},
  Doi          = {10.1007/s11222-007-9033-z},
  Issn         = {1573-1375},
  Journaltitle = {Statistics and Computing},
  Number       = {4},
  Pages        = {395--416},
  Title        = {{A tutorial on spectral clustering}},
  Volume       = {17},
}

@Inproceedings{Advisor10,
  Author    = {Wang, Chi and Han, Jiawei and Jia, Yuntao and Tang, Jie and Zhang, Duo and Yu, Yintao and Guo, Jingyi},
  Location  = {Washington, DC, USA},
  Url       = {http://doi.acm.org/10.1145/1835804.1835833},
  Booktitle = {Proceedings of the 16th ACM SIGKDD International Conference on Knowledge Discovery and Data Mining},
  Date      = {2010},
  Doi       = {10.1145/1835804.1835833},
  Isbn      = {978-1-4503-0055-1},
  Pages     = {203--212},
  Series    = {KDD '10},
  Title     = {Mining Advisor-advisee Relationships from Research Publication Networks},
}

@Inproceedings{SHINE18,
  Author     = {Wang, Hongwei and Zhang, Fuzheng and Hou, Min and Xie, Xing and Guo, Minyi and Liu, Qi},
  Booktitle  = {Proceedings of the 11th ACM International Conference on Web Search and Data Mining},
  Date       = {2018-02},
  Doi        = {10.1145/3159652.3159666},
  Eprint     = {arXiv:1712.00732},
  Eprinttype = {arXiv},
  Series     = {WSDM'18},
  Title      = {SHINE: Signed Heterogeneous Information Network Embedding for Sentiment Link Prediction},
}

@Inproceedings{OnlineCompletion17,
  Author    = {Wang, Jing and Shen, Jie and Li, Ping and Xu, Huan},
  Location  = {Cambridge, United Kingdom},
  Publisher = {ACM Press},
  Url       = {http://dl.acm.org/citation.cfm?doid=3018661.3018681},
  Booktitle = {Proceedings of the Tenth ACM International Conference on Web Search and Data Mining - WSDM '17},
  Date      = {2017},
  Doi       = {10.1145/3018661.3018681},
  Isbn      = {978-1-4503-4675-7},
  Pages     = {475--484},
  Title     = {{Online Matrix Completion for Signed Link Prediction}},
}

@Inbook{restoreNeighborhood13,
  Author    = {Wang, Ning and Li, Jie},
  Editor    = {Motoda, Hiroshi and Wu, Zhaohui and Cao, Longbing and Zaiane, Osmar and Yao, Min and Wang, Wei},
  Location  = {Berlin, Heidelberg},
  Publisher = {Springer Berlin Heidelberg},
  Url       = {https://doi.org/10.1007/978-3-642-53914-5_30},
  Booktitle = {Advanced Data Mining and Applications: 9th International Conference, ADMA 2013, Hangzhou, China, December 14-16},
  Date      = {2013},
  Doi       = {10.1007/978-3-642-53914-5_30},
  Isbn      = {978-3-642-53914-5},
  Pages     = {348--359},
  Title     = {Restoring: A Greedy Heuristic Approach Based on Neighborhood for Correlation Clustering},
}

@Article{KnowledgeGraphSurvey17,
  Author       = {Wang, Q. and Mao, Z. and Wang, B. and Guo, L.},
  Date         = {2017},
  Doi          = {10.1109/TKDE.2017.2754499},
  Issn         = {1041-4347},
  Journaltitle = {IEEE Transactions on Knowledge and Data Engineering},
  Number       = {99},
  Pages        = {1--1},
  Title        = {Knowledge Graph Embedding: A Survey of Approaches and Applications},
  Volume       = {PP},
}

@Inproceedings{attributedSNE17,
  Author    = {Wang, Suhang and Aggarwal, Charu and Tang, Jiliang and Liu, Huan},
  Location  = {Singapore},
  Url       = {http://www.public.asu.edu/~swang187/publications/SNEA.pdf},
  Booktitle = {Proceedings of the 26th ACM International on Conference on Information and Knowledge Management},
  Date      = {2017},
  Doi       = {10.1145/3132847.3132905},
  Series    = {CIKM '17},
  Title     = {Attributed Signed Network Embedding},
}

@Inbook{neuralSigned17,
  Author    = {Wang, Suhang and Tang, Jiliang and Aggarwal, Charu and Chang, Yi and Liu, Huan},
  Location  = {Houston, Texas, USA},
  Url       = {http://epubs.siam.org/doi/abs/10.1137/1.9781611974973.37},
  Booktitle = {Proceedings of the 2017 SIAM International Conference on Data Mining},
  Date      = {2017-04},
  Doi       = {10.1137/1.9781611974973.37},
  Eventdate = {2017-04-27/2017-04-29},
  Pages     = {327--335},
  Title     = {Signed Network Embedding in Social Media},
}

@Inbook{AltOptimLP13,
  Author    = {Wang, Yubo and Xu, Linli and Chen, Yucheng and Wang, Hao},
  Editor    = {Motoda, Hiroshi and Wu, Zhaohui and Cao, Longbing and Zaiane, Osmar and Yao, Min and Wang, Wei},
  Location  = {Berlin, Heidelberg},
  Publisher = {Springer Berlin Heidelberg},
  Url       = {https://doi.org/10.1007/978-3-642-53917-6_2},
  Booktitle = {Advanced Data Mining and Applications: 9th International Conference, ADMA 2013, Hangzhou, China, December 14-16},
  Date      = {2013},
  Doi       = {10.1007/978-3-642-53917-6_2},
  Isbn      = {978-3-642-53917-6},
  Pages     = {13--24},
  Title     = {A Scalable Approach for General Correlation Clustering},
}

@Article{Weng2016,
  Author     = {Weng, Haolei and Feng, Yang},
  Url        = {http://arxiv.org/abs/1610.09735},
  Date       = {2016-10},
  Eprint     = {1610.09735},
  Eprinttype = {arXiv},
  Title      = {{Community detection with nodal information}},
}

@Inproceedings{sslKB13,
  Author    = {Wijaya, Derry and Talukdar, Partha Pratim and Mitchell, Tom},
  Location  = {San Francisco, California, USA},
  Url       = {http://doi.acm.org/10.1145/2505515.2505559},
  Booktitle = {Proceedings of the 22nd ACM International Conference on Information \& Knowledge Management},
  Date      = {2013},
  Doi       = {10.1145/2505515.2505559},
  Isbn      = {978-1-4503-2263-8},
  Pages     = {589--598},
  Series    = {CIKM '13},
  Title     = {PIDGIN: Ontology Alignment Using Web Text As Interlingua},
}

@Article{representationLearning17,
  Author       = {{William L. Hamilton and Rex Ying and Jure Leskovec}},
  Publisher    = {IEEE Computer Society},
  Url          = {http://sites.computer.org/debull/A17sept/p52.pdf},
  Date         = {2017-12},
  Eprint       = {arXiv:1709.05584},
  Eprinttype   = {arXiv},
  Journaltitle = {Bulletin of the Technical Committee on Data Engineering},
  Number       = {4},
  Pages        = {52--74},
  Title        = {{Representation Learning on Graphs: Methods and Applications}},
  Volume       = {40},
}

@Inbook{CCWirth2017,
  Author    = {Wirth, Anthony},
  Editor    = {Sammut, Claude and Webb, Geoffrey I},
  Location  = {Boston, MA},
  Publisher = {Springer US},
  Url       = {http://dx.doi.org/10.1007/978-1-4899-7687-1_176},
  Booktitle = {Encyclopedia of Machine Learning and Data Mining},
  Date      = {2017},
  Doi       = {10.1007/978-1-4899-7687-1_176},
  File      = {:home/orphee/data/projects/magnet/midsummer-nights-dream/ref/cc_encyclopedia.pdf:pdf},
  Isbn      = {978-1-4899-7687-1},
  Pages     = {280--284},
  Title     = {{Correlation Clustering}},
}

@Article{optimApproxNP80,
  Author       = {Wong, Richard T.},
  Date         = {1980},
  Doi          = {10.1137/0601008},
  Journaltitle = {SIAM Journal on Algebraic Discrete Methods},
  Number       = {1},
  Pages        = {51--63},
  Title        = {Worst-Case Analysis of Network Design Problem Heuristics},
  Volume       = {1},
}

@Article{PottsSurvey82,
  Author       = {Wu, F Y},
  Publisher    = {American Physical Society},
  Url          = {https://link.aps.org/doi/10.1103/RevModPhys.54.235},
  Date         = {1982},
  Doi          = {10.1103/RevModPhys.54.235},
  Journaltitle = {Rev. Mod. Phys.},
  Number       = {1},
  Pages        = {235--268},
  Title        = {{The Potts model}},
  Volume       = {54},
}

@Inproceedings{wu2016troll,
  Author    = {Wu, Zhaoming and Aggarwal, Charu C. and Sun, Jimeng},
  Location  = {San Francisco, California, USA},
  Publisher = {ACM},
  Url       = {http://doi.acm.org/10.1145/2835776.2835816},
  Booktitle = {Proceedings of the Ninth ACM International Conference on Web Search and Data Mining},
  Date      = {2016},
  Doi       = {10.1145/2835776.2835816},
  Isbn      = {978-1-4503-3716-8},
  Pages     = {447--456},
  Series    = {WSDM '16},
  Title     = {The Troll-Trust Model for Ranking in Signed Networks},
}

@Inproceedings{Xia2015,
  Author     = {Xia, Peng and Liu, Benyuan and Sun, Yizhou and Chen, Cindy},
  Location   = {New York, New York, USA},
  Publisher  = {ACM Press},
  Url        = {http://arxiv.org/abs/1501.06247 http://dl.acm.org/citation.cfm?doid=2808797.2809282},
  Booktitle  = {Proceedings of the 2015 IEEE/ACM International Conference on Advances in Social Networks Analysis and Mining 2015 - ASONAM '15},
  Date       = {2015},
  Doi        = {10.1145/2808797.2809282},
  Eprint     = {1501.06247},
  Eprinttype = {arXiv},
  File       = {:home/orphee/Dropbox/Reciprocal recommendation/p234_xia.pdf:pdf},
  Isbn       = {978-1-4503-3854-7},
  Pages      = {234--241},
  Title      = {{Reciprocal Recommendation System for Online Dating}},
}

@Article{Xia2016a,
  Author       = {Xia, Peng and Zhai, Shuangfei and Liu, Benyuan and Sun, Yizhou and Chen, Cindy},
  Publisher    = {Springer Vienna},
  Url          = {http://link.springer.com/10.1007/s13278-016-0340-2},
  Date         = {2016},
  Doi          = {10.1007/s13278-016-0340-2},
  File         = {:home/orphee/Dropbox/Reciprocal recommendation/art%3A10.1007%2Fs13278-016-0340-2.pdf:pdf},
  Issn         = {1869-5450},
  Journaltitle = {Social Network Analysis and Mining},
  Number       = {1},
  Pages        = {32},
  Title        = {{Design of reciprocal recommendation systems for online dating}},
  Volume       = {6},
}

@Article{Xu2014,
  Author       = {Xu, Zhiqiang and Ke, Yiping and Wang, Yi and Cheng, Hong and Cheng, James},
  Publisher    = {ACM},
  Url          = {http://dl.acm.org/citation.cfm?doid=2663598.2629616},
  Date         = {2014-08},
  Doi          = {10.1145/2629616},
  Issn         = {15564681},
  Journaltitle = {ACM Transactions on Knowledge Discovery from Data},
  Number       = {1},
  Pages        = {1--43},
  Title        = {{GBAGC}},
  Volume       = {9},
}

@Article{XuBayesian14,
  Author       = {Xu, Zhiqiang and Ke, Yiping and Wang, Yi and Cheng, Hong and Cheng, James},
  Url          = {http://doi.acm.org/10.1145/2629616},
  Date         = {2014-08},
  Doi          = {10.1145/2629616},
  Issn         = {1556-4681},
  Journaltitle = {ACM Trans. Knowl. Discov. Data},
  Number       = {1},
  Pages        = {5:1--5:43},
  Title        = {{GBAGC: A General Bayesian Framework for Attributed Graph Clustering}},
  Volume       = {9},
}

@Article{Yang2007,
  Author       = {Yang, Bo and Cheung, William and Liu, Jiming},
  Url          = {http://ieeexplore.ieee.org/lpdocs/epic03/wrapper.htm?arnumber=4302742},
  Date         = {2007-10},
  Doi          = {10.1109/TKDE.2007.1061},
  File         = {:home/orphee/data/projects/magnet/papers/community_mining.pdf:pdf},
  Issn         = {1041-4347},
  Journaltitle = {IEEE Transactions on Knowledge and Data Engineering},
  Number       = {10},
  Pages        = {1333--1348},
  Shorttitle   = {Knowledge and Data Engineering, IEEE Transactions},
  Title        = {{Community Mining from Signed Social Networks}},
  Volume       = {19},
}

@Inproceedings{Yang2013,
  Author    = {Yang, Jaewon and McAuley, Julian and Leskovec, Jure},
  Publisher = {IEEE},
  Url       = {http://ieeexplore.ieee.org/document/6729613/},
  Booktitle = {2013 IEEE 13th International Conference on Data Mining},
  Date      = {2013-12},
  Doi       = {10.1109/ICDM.2013.167},
  Isbn      = {978-0-7695-5108-1},
  Pages     = {1151--1156},
  Title     = {{Community Detection in Networks with Node Attributes}},
}

@Inproceedings{Yang2012,
  Author    = {Yang, Shuang-Hong and Smola, Alexander J. and Long, Bo and Zha, Hongyuan and Chang, Yi},
  Location  = {New York, New York, USA},
  Publisher = {ACM Press},
  Url       = {http://dl.acm.org/citation.cfm?id=2348283.2348359},
  Booktitle = {Proceedings of the 35th international ACM SIGIR conference on Research and development in information retrieval - SIGIR '12},
  Date      = {2012-08},
  Doi       = {10.1145/2348283.2348359},
  Isbn      = {978-1-4503-1472-5},
  Pages     = {555},
  Title     = {{Friend or frenemy?}},
}

@Article{Yap2015,
  Author       = {Yap, Janice and Harrigan, Nicholas},
  Url          = {http://www.sciencedirect.com/science/article/pii/S0378873314000501},
  Annotation   = {Highlights - We test eight separate theories of signed tie formation. - We estimate multiplex exponential random graph networks (ERGM). - We use dimension reduction (factor analysis) to identify fundamental paradigms. - We find three fundamental dimensions of signed ties: balance, status, and homophily.},
  Date         = {2015-01},
  Doi          = {10.1016/j.socnet.2014.08.002},
  Issn         = {03788733},
  Journaltitle = {Social Networks},
  Pages        = {103--122},
  Title        = {{Why does everybody hate me? Balance, status, and homophily: The triumvirate of signed tie formation}},
  Volume       = {40},
}

@Inproceedings{SNTransfer13,
  Author    = {Ye, Jihang and Cheng, Hong and Zhu, Zhe and Chen, Minghua},
  Location  = {Republic and Canton of Geneva, Switzerland},
  Publisher = {International World Wide Web Conferences Steering Committee},
  Url       = {http://dl.acm.org/citation.cfm?id=2488388.2488517},
  Booktitle = {Proceedings of the 22Nd International Conference on World Wide Web},
  Date      = {2013},
  Isbn      = {978-1-4503-2035-1},
  Pages     = {1477--1488},
  Series    = {WWW '13},
  Title     = {{Predicting Positive and Negative Links in Signed Social Networks by Transfer Learning}},
}

@Inproceedings{patientDonor17,
  Author    = {Yoon, Jinsung and Alaa, Ahmed M. and Cadeiras, Martin and van der Schaar, Mihaela},
  Url       = {http://aaai.org/ocs/index.php/AAAI/AAAI17/paper/view/14156},
  Booktitle = {Proceedings of the Thirty-First {AAAI} Conference on Artificial Intelligence, February 4-9, 2017, San Francisco, California, {USA.}},
  Date      = {2017},
  Pages     = {1647--1654},
  Title     = {Personalized Donor-Recipient Matching for Organ Transplantation},
}

@Inbook{SNE17,
  Author     = {Yuan, Shuhan and Wu, Xintao and Xiang, Yang},
  Editor     = {Kim, Jinho and Shim, Kyuseok and Cao, Longbing and Lee, Jae-Gil and Lin, Xuemin and Moon, Yang-Sae},
  Location   = {Jeju, South Korea},
  Publisher  = {Springer International Publishing},
  Booktitle  = {Proceedings of Advances in Knowledge Discovery and Data Mining: 21st Pacific-Asia Conference},
  Date       = {2017-05},
  Doi        = {10.1007/978-3-319-57529-2_15},
  Eprint     = {arXiv:1703.04837},
  Eprinttype = {arXiv},
  Eventdate  = {2017-05-23/2017-05-26},
  Isbn       = {978-3-319-57529-2},
  Pages      = {183--195},
  Series     = {PAKDD 2017},
  Title      = {SNE: Signed Network Embedding},
}

@Article{Yuan2017,
  Author       = {Yuan, Weiwei and Li, Chenliang and Han, Guangjie and Guan, Donghai and Zhou, Li and He, Kangya},
  Url          = {http://www.sciencedirect.com/science/article/pii/S0167739X17307768},
  Date         = {2017},
  Doi          = {10.1016/j.future.2017.08.037},
  Journaltitle = {Future Generation Computer Systems},
  Title        = {{Negative sign prediction for signed social networks}},
}

@Article{Zaslavsky2012,
  Author       = {Zaslavsky, Thomas},
  Language     = {en},
  Url          = {http://www.combinatorics.org/ojs/index.php/eljc/article/view/DS8/2318},
  Date         = {2012-06},
  Issn         = {1077-8926},
  Journaltitle = {The Electronic Journal of Combinatorics},
  Title        = {{A Mathematical Bibliography of Signed and Gain Graphs and Allied Areas}},
  Volume       = {1000},
}

@Article{dynamicFlickr13,
  Author       = {Zeng, Xiaohua and Wei, Liyuan},
  Date         = {2013},
  Doi          = {10.1287/isre.1120.0464},
  Journaltitle = {Information Systems Research},
  Number       = {1},
  Pages        = {71--87},
  Title        = {Social Ties and User Content Generation: Evidence from Flickr},
  Volume       = {24},
}

@Inbook{CellSeg14,
  Author    = {Zhang, Chong and Yarkony, Julian and Hamprecht, Fred A},
  Editor    = {Golland, Polina and Hata, Nobuhiko and Barillot, Christian and Hornegger, Joachim and Howe, Robert},
  Publisher = {Springer International Publishing},
  Url       = {https://doi.org/10.1007/978-3-319-10404-1_2},
  Booktitle = {Proceedings of the 17th International Conference on Medical Image Computing and Computer-Assisted Intervention},
  Date      = {2014},
  Doi       = {10.1007/978-3-319-10404-1_2},
  Isbn      = {978-3-319-10404-1},
  Pages     = {9--16},
  Title     = {{Cell Detection and Segmentation Using Correlation Clustering}},
}

@Article{Zhang2016a,
  Author       = {Zhang, Mingyu and Ma, Jian and Liu, Zhiying and Sun, Jianshan and Silva, Thushari},
  Date         = {2016},
  Doi          = {10.1111/bjet.12244},
  File         = {:home/orphee/Dropbox/Reciprocal recommendation/Zhang_et_al-2016-British_Journal_of_Educational_Technology.pdf:pdf},
  Issn         = {14678535},
  Journaltitle = {British Journal of Educational Technology},
  Number       = {2},
  Pages        = {403--420},
  Title        = {{A research analytics framework-supported recommendation approach for supervisor selection}},
  Volume       = {47},
}

@Article{ZhangModelFree16,
  Author       = {Zhang, Yuan and Levina, Elizaveta and Zhu, Ji},
  Publisher    = {The Institute of Mathematical Statistics and the Bernoulli Society},
  Url          = {http://dx.doi.org/10.1214/16-EJS1206},
  Date         = {2016},
  Doi          = {10.1214/16-EJS1206},
  Journaltitle = {Electron. J. Statist.},
  Number       = {2},
  Pages        = {3153--3178},
  Title        = {Community detection in networks with node features},
  Volume       = {10},
}

@Inproceedings{Zhao2017,
  Author     = {Zhao, He and Du, Lan and Buntine, Wray},
  Url        = {http://arxiv.org/abs/1706.04289},
  Booktitle  = {ICML 2017},
  Date       = {2017-06},
  Eprint     = {1706.04289},
  Eprinttype = {arXiv},
  Title      = {{Leveraging Node Attributes for Incomplete Relational Data}},
}

@Inbook{SignedEmbedding15,
  Author    = {Zheng, Q and Skillicorn, D.B.},
  Location  = {Philadelphia, PA},
  Publisher = {Society for Industrial and Applied Mathematics},
  Url       = {http://epubs.siam.org/doi/10.1137/1.9781611974010.7},
  Booktitle = {Proceedings of the 2015 SIAM International Conference on Data Mining},
  Chapter   = {7},
  Date      = {2015},
  Doi       = {10.1137/1.9781611974010.7},
  Pages     = {55--63},
  Title     = {{Spectral Embedding of Signed Networks}},
}

@Article{CSBalanceSurvey15,
  Author       = {Zheng, Xiaolong and Zeng, Daniel and Wang, Fei-Yue},
  Url          = {https://doi.org/10.1007/s10796-014-9483-8},
  Date         = {2015-10},
  Doi          = {10.1007/s10796-014-9483-8},
  Issn         = {1572-9419},
  Journaltitle = {Information Systems Frontiers},
  Number       = {5},
  Pages        = {1077--1095},
  Title        = {Social balance in signed networks},
  Volume       = {17},
}

@Article{Zhou2009,
  Author       = {Zhou, Yang and Cheng, Hong and Yu, Jeffrey Xu},
  Publisher    = {VLDB Endowment},
  Url          = {http://dl.acm.org/citation.cfm?doid=1687627.1687709},
  Annotation   = {scalability improved in Clustering Large Attributed Graphs: An Efficient Incremental Approach http://ieeexplore.ieee.org/xpls/abs_all.jsp?arnumber=5694023&tag=1},
  Date         = {2009-08},
  Doi          = {10.14778/1687627.1687709},
  Journaltitle = {Proceedings of the VLDB Endowment},
  Number       = {1},
  Pages        = {718--729},
  Title        = {{Graph clustering based on structural/attribute similarities}},
  Volume       = {2},
}

@Inproceedings{Zhou2010,
  Author    = {Zhou, Yang and Cheng, Hong and Yu, Jeffrey Xu},
  Booktitle = {Proceedings - IEEE International Conference on Data Mining, ICDM},
  Date      = {2010},
  Doi       = {10.1109/ICDM.2010.41},
  Isbn      = {978-0-7695-4256-0},
  Issn      = {15504786},
  Pages     = {689--698},
  Title     = {{Clustering large attributed graphs: An efficient incremental approach}},
}

@Article{LabelPropa03,
  Author       = {Zhu, Xiaojin and Ghahramani, Zoubin and Lafferty, John D},
  Url          = {http://pages.cs.wisc.edu/$\sim$jerryzhu/pub/zgl.pdf},
  Date         = {2003},
  Journaltitle = {International Conference on Machine Learning - ICML 2003},
  Number       = {2},
  Pages        = {912},
  Title        = {{Semi-supervised learning using Gaussian fields and harmonic functions}},
  Volume       = {20},
}

@Article{Zhuang2012,
  Author       = {Zhuang, Honglei and Tang, Jie and Tang, Wenbin and Lou, Tiancheng and Chin, Alvin and Wang, Xia},
  Publisher    = {Springer US},
  Url          = {http://dx.doi.org/10.1007/s10618-012-0274-x http://www.springerlink.com/index/10.1007/s10618-012-0274-x},
  Date         = {2012-06},
  Doi          = {10.1007/s10618-012-0274-x},
  Issn         = {1384-5810},
  Journaltitle = {Data Mining and Knowledge Discovery},
  Number       = {2},
  Pages        = {270--297},
  Title        = {{Actively learning to infer social ties}},
  Volume       = {25},
}

@Inproceedings{zolfaghar2010mining,
  Author    = {Zolfaghar, K. and Aghaie, A.},
  Booktitle = {Proceedings of the 2010 IEEE 6th International Conference on Intelligent Computer Communication and Processing},
  Date      = {2010-08},
  Doi       = {10.1109/ICCP.2010.5606460},
  Pages     = {73--80},
  Title     = {Mining trust and distrust relationships in social Web applications},
}

@Article{InnaproxChroma07,
  Author       = {Zuckerman, David},
  Publisher    = {Theory of Computing},
  Url          = {http://www.theoryofcomputing.org/articles/v003a006},
  Date         = {2007},
  Doi          = {10.4086/toc.2007.v003a006},
  Journaltitle = {Theory of Computing},
  Number       = {6},
  Pages        = {103--128},
  Title        = {{Linear Degree Extractors and the Inapproximability of Max Clique and Chromatic Number}},
  Volume       = {3},
}

@book{Konig90,
                author = {K{\"o}nig, D\"{e}nes},
                title = {{Theory of Finite and Infinite Graphs}},
                year = {1990},
                isbn = {978-1-4684-8971-2},
                translator = {McCoart, Richard},
                publisher = {Birkhäuser Boston Inc.},
} 
@inproceedings{perfectActiveShort16,
                author    = {Arya Mazumdar and Barna Saha},
                booktitle = {54th Annual Allerton Conference on Communication, Control, and Computing},
                title     = {Clustering with an oracle},
                year      = {2016},
                pages     = {738-739},
                doi       = {10.1109/ALLERTON.2016.7852305},
                month     = {9},
}
@misc{SignedSpectralClustering,
                Author = {Jean Gallier},
                Title  = {Spectral Theory of Unsigned and Signed Graphs. Applications to Graph Clustering: a Survey},
                Year   = {2016},
                url    = {https://arxiv.org/abs/1601.04692},
                Eprint = {arXiv:1601.04692},
                archivePrefix = {arXiv},
                arxivId = {1601.04692},
}
